1960 3293
1055 174 1081 215 2

291 316 495 373 ineptum
526 316 750 371 videatur,
789 316 867 358 ubi
905 316 959 358 de
996 316 1262 371 fragmentis
1295 316 1457 372 agitur.
1471 313 1504 371 1)
1565 317 1842 373 Fragmenta

292 394 496 449 denique,
537 408 647 448 quae
685 394 734 434 in
767 393 989 449 excerptis
1023 408 1102 434 seu
1132 393 1365 435 Vaticanis
1412 393 1507 435 sive
1540 408 1651 449 quae
1683 394 1841 437 inscri-

290 471 458 513 buntur
494 466 596 522 περί
637 463 788 525 ἀρεῐῆς
825 466 897 508 καὶ
938 465 1110 519 κακίας,
1160 485 1238 512 3611
1283 470 1392 512 alibi
1438 475 1595 513 extant
1641 471 1841 527 discissa,

291 562 559 602 quamquam
596 547 652 588 ad
691 547 879 588 eandem
918 551 1123 603 spectant
1159 562 1272 602 rem,
1322 547 1667 604 epitomatorum
1713 549 1843 606 culpa

290 624 516 665 disiuncta
553 639 649 665 esse
685 624 877 679 putavit.
946 624 1005 666 Ei
1041 628 1209 679 autem,
1249 625 1334 666 etsi
1366 625 1626 680 saepissime
1665 629 1841 668 contra-

290 700 436 742 hendo
475 705 520 742 et
559 700 845 755 negligenter
883 701 1196 743 commutando
1243 702 1489 744 orationem
1536 706 1841 758 corruperunt,

288 782 439 819 tamen
477 777 636 818 seriem
668 777 1024 833 fragmentorum
1065 777 1157 819 fere
1188 793 1419 834 nunquam
1449 779 1840 835 perturbaverunt.

290 855 414 896 Haec
447 855 567 896 enim
591 860 634 896 et
656 855 893 896 Ernestius
917 855 1106 897 Schulze
1119 852 1153 909 2)
1186 860 1230 897 et
1261 856 1486 898 Henricus
1508 853 1731 911 Nissenss),
1765 856 1843 912 qui

288 931 337 972 in
367 931 548 986 Polybii
580 932 915 986 inquisiverunt
946 931 1096 986 libros,
1130 932 1518 976 confirmaverunt.
1588 934 1746 989 Neque
1778 934 1842 976 ita

287 1023 423 1063 grave
462 1015 529 1050 est
567 1014 899 1064 argumentum,
950 1009 1067 1064 quod
1104 1009 1224 1065 Ang.
1256 1010 1402 1051 Maius
1413 1007 1447 1064 4)
1487 1010 1596 1052 duos
1636 1011 1711 1052 vel
1748 1015 1839 1052 tres

286 1085 406 1127 locos
438 1085 486 1126 in
519 1086 740 1142 excerptis
774 1086 1023 1142 duplicatos
1055 1086 1217 1128 redimi
1249 1087 1496 1129 annotavit.
1559 1088 1676 1130 Nam
1715 1092 1761 1130 et
1791 1087 1841 1129 in

286 1167 355 1205 tot
377 1162 642 1218 fragmentis
665 1178 886 1219 perpauca
917 1168 1033 1217 sunt,
1068 1179 1179 1219 quae
1202 1164 1317 1206 hanc
1341 1164 1638 1220 suspitionem
1658 1179 1839 1207 movere

287 1240 480 1295 possint,
526 1255 671 1295 neque
718 1240 906 1282 Diodori
952 1241 1066 1283 ratio
1114 1241 1355 1297 permittit,
1403 1246 1454 1282 ut
1495 1241 1543 1282 in
1582 1241 1837 1297 eclogarios,

286 1317 526 1358 multarum
574 1317 894 1359 difficultatum
941 1333 1046 1360 sane
1094 1324 1316 1373 auctoreS,
1366 1318 1542 1374 culpam
1587 1318 1838 1361 reiciamus.

285 1394 508 1435 Diodorus
541 1395 661 1436 enim
692 1410 836 1450 neque
868 1410 1036 1450 rerum,
1077 1410 1185 1450 quas
1224 1395 1448 1451 depinxit,
1494 1394 1583 1437 fuit
1619 1395 1841 1452 peritissi—

285 1486 398 1526 mus,
429 1487 573 1527 neque
606 1473 697 1513 acri
729 1473 777 1514 in
809 1473 940 1515 rebus
974 1473 1276 1514 diiudicandis
1309 1472 1490 1514 iudicio.
1559 1473 1718 1528 Itaque
1750 1487 1840 1514 ser-

285 1549 456 1603 viliter,
506 1549 623 1604 quod
671 1551 718 1591 111
765 1551 947 1592 1101111116
991 1550 1162 1592 Graeco
1206 1550 1386 1604 mirere,
1433 1549 1631 1605 vestigia
1675 1549 1841 1606 pressit

287 1630 534 1679 auctorum,
580 1627 744 1682 quippe
786 1642 894 1682 quos
933 1643 989 1669 ne
1029 1642 1205 1684 semper
1243 1627 1424 1682 quidem
1457 1631 1583 1683 aptos
1616 1627 1839 1682 elegisset.

285 1703 469 1744 Etenim
517 1719 589 1745 eos
638 1704 772 1746 verbo
822 1704 876 1745 de
913 1705 1049 1746 verbo
1090 1704 1530 1760 chronographorum
1569 1703 1709 1746 medii
1740 1704 1841 1746 aevi

286 1780 427 1821 instar
460 1781 707 1836 exscripsit.
751 1782 900 1823 Huius
932 1782 997 1823 rei
1029 1782 1264 1837 perspicua
1296 1782 1499 1837 exempla
1522 1786 1567 1823 et
1587 1780 1839 1836 Volquard-

286 1854 458 1906 36111135)
508 1863 551 1898 et
598 1859 655 1899 H.
695 1856 956 1910 Nissenusss)
1004 1859 1053 1900 in
1100 1859 1299 1900 medium
1340 1859 1637 1915 protulerunt.
1705 1857 1839 1900 Unde

284 1933 453 1975 factum
492 1940 577 1989 631,
627 1940 678 1976 ut
719 1936 805 1977 alia
843 1936 994 1978 flueret
1034 1936 1081 1977 in
1113 1935 1435 1991 posterioribus
1471 1935 1618 1989 libris,
1667 1934 1754 1976 alia
1790 1934 1840 1976 in

283 2011 505 2066 prioribus
523 2013 674 2054 oratio.
710 2013 865 2068 Neque
885 2014 1015 2055 aliter
1033 2013 1347 2069 explicandum
1369 2018 1449 2067 est,
1473 2012 1590 2068 quod
1608 2011 1796 2054 eandem
1807 2007 1838 2064 ⁷)

283 2102 379 2129 rem
412 2088 581 2130 eisdem
614 2089 706 2131 fere
738 2090 888 2132 verbis
919 2090 1170 2133 identidem
1201 2090 1255 2132 ab
1278 2091 1354 2132 illo
1375 2090 1595 2146 prolatam
1615 2089 1835 2132 videmus.

425 2288 460 2333 ij>
489 2288 598 2331 Quod
616 2293 745 2323 tamen
771 2289 834 2324 ille
853 2289 900 2325 ad
919 2302 1046 2325 rerum
1065 2289 1325 2325 conclusiones
1343 2288 1552 2325 identidem
1570 2288 1741 2335 proferre
1758 2300 1836 2324 non

282 2346 427 2382 veritus
454 2352 510 2382 est
537 2348 559 2384 l.
586 2348 609 2382 1.
637 2360 671 2394 p.
699 2350 730 2392 7,
758 2362 791 2395 p.
823 2351 875 2384 11.

424 2417 460 2463 2)
487 2419 543 2453 De
559 2420 746 2465 excerptis
770 2420 1097 2456 Constantinianis
1120 2424 1263 2466 quaest.
1289 2419 1442 2454 criticae
1462 2419 1619 2455 Bonnae
1641 2419 1732 2454 1866
1751 2431 1786 2466 p.
1802 2420 1834 2454 9.

423 2490 459 2535 3)
486 2490 589 2525 Krit.
617 2490 770 2525 Unters.
798 2492 890 2526 uber
916 2492 976 2527 die
995 2492 1154 2535 Quellen
1180 2492 1214 2526 d.
1232 2492 1264 2526 4.
1284 2503 1318 2527 u.
1338 2492 1370 2526 5.
1390 2491 1546 2525 Dekade
1565 2490 1629 2525 des
1645 2489 1729 2527 Liv.
1747 2503 1782 2537 p.
1801 2491 1834 2526 7.

423 2562 460 2605 4)
486 2561 637 2607 Fragm.
657 2562 766 2597 Diod.
783 2562 955 2598 vatican.
974 2563 1056 2598 libr.
1075 2563 1238 2598 VII—X
1253 2591 1260 2597 .
1277 2592 1283 2598 .
1301 2592 1308 2599 .
1325 2589 1332 2596 .
1360 2574 1389 2597 o.
1416 2574 1503 2596 ann.
1522 2561 1568 2596 A.
1587 2561 1667 2596 Mai
1688 2573 1735 2596 ex
1760 2573 1833 2597 rec.

282 2619 376 2654 Lud.
403 2620 591 2655 Dindorfii
619 2622 710 2655 182&
735 2634 768 2667 p.
797 2623 842 2655 24
868 2635 954 2657 ann.

423 2690 458 2735 5)
486 2691 638 2726 Unters.
664 2692 756 2726 uber
782 2693 840 2727 die
868 2693 1026 2735 Quellen
1045 2693 1111 2728 der
1129 2692 1270 2739 griech.
1289 2704 1324 2726 u.
1344 2691 1436 2727 sicil.
1456 2691 1591 2726 Gesch.
1611 2691 1671 2727 bei
1688 2691 1834 2726 Diodor

281 2748 492 2784 XI—XVI.
543 2751 631 2785 Kiel
658 2752 749 2785 1508
774 2764 809 2797 p.
836 2754 892 2797 50,
919 2754 973 2786 51.

423 2820 458 2864 6)
484 2821 507 2855 l.
534 2821 557 2855 1.
582 2834 616 2867 p.
647 2823 723 2856 111.

424 2892 459 2935 7)
487 2892 534 2926 cf.
568 2892 898 2938 Volquardsenum
943 2894 966 2928 l.
998 2894 1021 2928 l.
1052 2894 1207 2929 Diodor.
1234 2893 1304 2939 XI,
1337 2894 1380 2928 75
1412 2896 1449 2928 61
1482 2892 1544 2938 78;
1579 2892 1684 2936 XVI,
1709 2892 1766 2937 31,
1791 2892 1831 2936 63

282 2949 337 2996 34,
363 2951 386 2984 4
411 2956 447 2985 et
475 2952 512 2996 5;
539 2952 594 2986 39.
