1960 3293
1053 187 1112 229 40

309 331 659 375 Atheniensium
690 330 842 373 fuisse.
905 330 1004 372 Hoc
1036 329 1275 373 Udalricus
1308 329 1363 372 de
1392 329 1862 374 Wilamowitz-Moel-

309 409 492 452 lendorf
503 405 536 462 1)
568 408 699 450 novis
737 407 1016 463 argumentis
1056 406 1202 448 allatis
1241 407 1465 450 stabilivit
1502 423 1552 450 ac
1583 408 1818 451 Meinhold
1828 405 1863 464 2)

313 487 450 528 etiam
482 485 777 527 confirmavit.
840 484 989 526 Hodie
1022 499 1127 539 ergo
1160 483 1365 526 dubitare
1396 500 1529 528 nemo
1559 489 1722 542 potest,
1755 486 1866 541 quin

310 563 499 605 Salamis
531 562 882 604 Atheniensium
915 561 1070 603 demus
1102 576 1193 603 non
1225 561 1374 604 fuerit.
1430 562 1669 612 Quaeritur
1700 566 1862 618 autem,

310 640 417 695 quid
462 633 499 678 οἱ
541 633 677 693 κῦριοι
727 638 801 678 τοῦ
847 633 1170 690 πωλιῐεῦιιιατος
1218 639 1337 696 apud
1382 639 1676 682 Plutarchum
1722 639 1864 695 Signi-

308 717 458 759 ficent.
520 716 672 758 Unum
706 720 828 757 extat
860 715 1146 772 Asclepiadis
1177 717 1500 772 testimonium,
1533 716 1724 759 Pindari
1751 722 1864 760 tem-

308 794 490 850 poribus
529 793 755 849 agripetas
794 791 1147 835 Atheniensium
1186 793 1235 835 in
1272 794 1421 837 insula
1452 794 1678 837 Salamine
1710 793 1864 837 fuisse.

308 871 406 913 Hoc
439 874 588 912 autem
619 870 808 912 minoris
840 871 1058 912 momenti
1090 886 1186 912 esse
1217 875 1345 928 puto,
1392 871 1511 927 quod
1547 870 1867 928 Asclepiadem

310 947 366 990 ad
382 948 529 990 locum
545 946 733 989 Pindari
757 946 902 1002 (Nem.
921 947 981 1002 H,
997 945 1072 1002 20)
1090 948 1199 990 satis
1219 948 1456 991 obscurum
1473 947 1865 1005 interpretandum

309 1024 440 1067 modo
474 1025 729 1066 coniectura
760 1039 891 1066 usum
924 1039 1019 1066 esse
1052 1025 1433 1068 verisimillimum
1471 1030 1551 1068 est.
1615 1026 1732 1068 Nam
1775 1026 1866 1068 iam

308 1101 716 1145 Alexandrinorum
756 1101 1009 1143 doctissimi
1039 1102 1150 1157 viri,
1201 1118 1287 1158 quo
1325 1103 1456 1146 modo
1498 1104 1640 1146 Solon·
1673 1103 1867 1145 insulam

310 1180 537 1221 subactam
571 1179 892 1234 constituisset,
925 1179 1140 1222 videntur
1161 1180 1421 1222 nescivisse.
1465 1181 1564 1223 Hoc
1586 1181 1695 1223 satis
1716 1179 1866 1222 lucide

309 1261 493 1313 apparet
508 1272 530 1298 e
543 1257 681 1298 variis
699 1256 1148 1313 interpretationibus
1165 1257 1253 1299 1001
1268 1257 1484 1299 Pindarei
1494 1254 1529 1312 3)
1547 1255 1692 1312 (Nem.
1700 1257 1760 1312 II,
1773 1235 1865 1309 205:

316 1327 375 1374 01³·
397 1328 483 1384 μὰν
506 1326 532 1372 ἆ
557 1329 752 1385 Σαλαμίς
775 1347 819 1386 γε
845 1329 1009 1389 θρέψαι
1038 1334 1164 1389 (seha
1185 1328 1395 1385 μαχατάν.
1434 1335 1564 1378 Unus
1572 1334 1866 1391 Asclepiades

311 1553 517 1589 scheinlich
551 1553 617 1588 hat
657 1566 696 1588 05
729 1553 945 1588 immerfmt
978 1553 1017 1588 111
1053 1553 1174 1587 01110111
1203 1553 1366 1588 anderen
1394 1553 1618 1588 Verhffltnis
1644 1553 1866 1599 gestanden,

311 1614 366 1648 als
392 1613 457 1648 der
483 1613 712 1659 eigentliche
738 1613 891 1657 Demos,
931 1613 1084 1647 obwohl
1109 1613 1279 1648 nachher
1304 1612 1372 1648 das
1398 1612 1497 1648 volle
1522 1612 1781 1659 Burgerrecht
1807 1612 1867 1648 die

311 1672 536 1708 Salaminier
561 1673 733 1708 erhalten
759 1673 895 1708 haben.

455 1744 489 1790 1)
515 1745 677 1779 Hermes
703 1745 793 1787 XII,
820 1758 854 1791 p.
881 1746 951 1779 342
977 1757 1031 1790 sq.
1059 1744 1475 1790 Thukydideslegende.

455 1815 491 1862 2)
518 1816 714 1851 Meinhold
733 1816 777 1851 de
795 1817 907 1851 rebus
926 1816 1144 1851 Salaminiis
1160 1816 1248 1851 diss.
1262 1816 1509 1862 Konigsberg
1524 1816 1626 1861 1879,
1652 1828 1688 1862 p.
1715 1816 1866 1852 20—22.

454 1887 490 1933 3)
516 1888 763 1923 Aristarchus
789 1887 989 1934 perspicuo
1022 1899 1148 1923 errore
1181 1887 1317 1922 (11101115
1350 1887 1396 1922 (10
1421 1887 1524 1921 tribu
1563 1882 1672 1932 (qvir)
1700 1887 1867 1932 Αἰαντίς)

313 1947 509 1993 cogitavit.
549 1947 737 1992 Didymus
765 1948 942 1994 opinatus
969 1952 1036 1991 est,
1065 1942 1118 1980 ὅτι
1141 1949 1191 1984 εἷς
1210 1949 1351 1980 Αἴαντα
1379 1942 1530 1991 ἀνέφερε
1558 1941 1596 1979 τὸ
1616 1949 1721 1991 γένος
1746 1940 1868 1992 ὥσπερ

312 2010 370 2040 καὶ
400 2003 607 2049 ΆΙιὶπιιὲδης
633 2010 690 2040 καὶ
720 2012 852 2053 Κίμων
885 2010 943 2040 καὶ
973 2003 1197 2050 ,Ἀλκιβιάδης
1227 2009 1287 2039 καὶ
1327 2005 1554 2048 Θονκιδίὸής
1579 2001 1598 2039 ὁ
1633 2000 1869 2051 συγγραφεὺς

312 2062 331 2099 ὁ
358 2062 510 2111 Ὀλόρου.
564 2067 671 2110 Quod
698 2067 759 2102 ille
784 2067 910 2102 1105010
938 2079 987 2102 an
1019 2066 1168 2111 dixerit,
1208 2078 1292 2101 cum
1333 2065 1435 2100 haud
1472 2065 1679 2111 ignoraret,
1717 2068 1869 2112 praeter

311 2126 566 2172 Eurysacidas
593 2132 628 2161 01
657 2127 853 2161 Philaidas
879 2127 998 2161 fuisse
1029 2130 1173 2173 gentes,
1213 2137 1308 2171 quae
1333 2125 1490 2160 Aiacem
1517 2125 1715 2160 coluerunt
1741 2125 1868 2171 gentis

313 2189 517 2220 auctorem.
567 2186 697 2231 Neque
724 2186 825 2221 enim
850 2198 1008 2232 possum
1034 2186 1128 2221 mihi
1155 2185 1392 2232 persuadere,
1419 2196 1441 2218 a
1458 2184 1625 2230 Didymo
1651 2185 1869 2231 neglectum

314 2257 412 2289 esse,
451 2244 551 2290 quod
588 2250 672 2291 post
711 2258 920 2292 perpaucos
952 2257 1085 2281 versus
1125 2250 1255 2292 aperte
1287 2244 1472 2291 scriptum
1497 2243 1682 2289 videmus,
1710 2255 1729 2279 e
1755 2247 1870 2290 gente

312 2304 661 2339 Timodeinidarum
686 2305 804 2339 fuisse
830 2305 1068 2340 Timonoum.
1126 2306 1211 2340 Hoc
1244 2304 1325 2339 fieri
1350 2303 1522 2350 potuisse
1548 2315 1595 2339 ex
1619 2303 1868 2349 inscriptione

314 2367 482 2410 apparet,
521 2375 634 2408 quam
660 2364 828 2399 Koehler
867 2364 1153 2410 (Mitteilungen
1192 2364 1256 2399 des
1295 2363 1480 2399 archaeol.
1508 2363 1634 2397 Instit.
1662 2375 1710 2397 zu
1738 2362 1870 2398 Athen

313 2423 387 2457 vol.
402 2423 468 2466 IV,
494 2435 528 2468 p.
547 2424 632 2457 265:
659 2423 885 2459 Salaminier
911 2424 980 2459 auf
1001 2422 1251 2468 Inschriften)
1274 2423 1416 2470 publici
1442 2422 1534 2456 iuris
1559 2421 1661 2457 fecit.
1696 2417 1745 2455 Τὸ
1766 2424 1870 2467 γένος

314 2482 383 2515 τῶν
409 2484 657 2527 Σαλαμινίων,
685 2486 725 2516 111
754 2487 855 2517 recte
881 2483 1050 2518 Koehler
1075 2483 1182 2528 vidit,
1209 2487 1275 2517 aut
1295 2486 1428 2529 gentes
1454 2482 1538 2516 illas
1555 2481 1776 2516 notissimas
1803 2485 1870 2516 aut

315 2542 539 2587 complures,
567 2553 660 2587 quas
695 2542 895 2586 nescimus,
924 2543 1093 2578 0011111101
1132 2542 1169 2588 (l.
1195 2543 1218 2577 1.
1246 2556 1281 2588 p.
1308 2540 1403 2587 266).
1455 2542 1498 2577 E.
1524 2540 1691 2586 Didymo
1717 2541 1869 2575 Plutar-

315 2601 419 2644 chus,
447 2613 541 2646 quae
568 2601 613 2635 de
639 2608 725 2635 ortu
752 2605 788 2635 01
816 2614 952 2647 genere
979 2602 1128 2637 Solonis
1156 2602 1200 2646 (c.
1229 2601 1263 2647 1)
1290 2601 1461 2647 protulit,
1488 2599 1628 2635 hausit.
1667 2600 1723 2635 Ac
1740 2599 1868 2635 nescio

315 2673 364 2694 an
390 2660 461 2695 hac
489 2661 533 2695 (10
560 2672 674 2695 causa
700 2661 796 2695 nihil
822 2661 867 2696 de
894 2662 1122 2707 cognomine
1154 2660 1352 2696 Salaminii
1383 2660 1485 2706 apud
1510 2660 1612 2694 1111110
1637 2662 1751 2694 extet.
1802 2658 1870 2694 Ce—

314 2724 439 2754 terum
464 2719 683 2764 Timonous,
711 2720 781 2754 etsi
809 2721 940 2755 demus
967 2721 1046 2755 eius
1073 2724 1402 2764 commemoratur,
1436 2723 1566 2754 tamen
1592 2719 1765 2765 agripeta
1789 2730 1870 2753 esse

313 2778 450 2824 potuit.
500 2779 547 2813 cf.
574 2779 751 2824 Foucart,
790 2780 844 2814 les
871 2780 1035 2815 colonies
1070 2779 1332 2815 Atheniennes
1357 2791 1406 2813 au
1432 2779 1453 2812 5
1480 2782 1516 2813 et
1541 2779 1565 2812 4
1590 2777 1702 2813 siecle
1740 2777 1869 2821 (Mem.

315 2837 412 2883 pres.
439 2850 516 2883 par.
556 2838 629 2872 div.
657 2850 735 2873 sav.
764 2839 785 2873 a
810 2839 902 2873 l'Ac.
931 2841 964 2873 (1.
991 2840 1026 2874 J.
1055 2840 1087 2873 ἃ.
1112 2840 1155 2873 B.
1181 2840 1224 2874 L.
1263 2840 1282 2874 Ι
1308 2838 1403 2873 se'rie
1430 2839 1461 2882 1,
1499 2838 1569 2881 IX,
1604 2850 1639 2883 p.
1666 2837 1746 2882 349,
1773 2837 1868 2880 350).

316 2897 400 2931 Hoc
427 2905 565 2939 autem,
591 2897 628 2931 ni
661 2897 784 2933 fallor.
810 2898 856 2933 U.
878 2899 922 2933 (10
940 2897 1592 2934 KVilamowitz-Moellendorfhune
1609 2897 1734 2932 10011111
1751 2895 1868 2931 inter-

316 2960 488 3001 pretatus
515 2956 693 2999 (Hermes
719 2957 799 2991 XII
824 2957 846 2993 1.
874 2958 896 2992 l.
923 2970 958 3003 p.
985 2958 1068 3002 3r2)
1094 2957 1274 3004 neglexit.
