1960 3293
987 228 1022 233 ψ
1103 166 1160 210 ΞΟ
1189 228 1267 231 ᾈ

350 326 399 353 ac
432 311 647 367 ineptum,
681 315 907 353 auctorem
939 310 1212 367 significant,
1247 311 1325 367 qui
1356 311 1501 368 magis
1523 311 1688 355 fabulis
1710 328 1761 355 ac
1782 328 1901 356 com·-

348 388 513 430 mentis
547 403 727 444 operam
760 387 897 429 dedit.

488 471 584 512 Iam
615 485 721 512 vero
755 470 917 524 fabula,
953 485 1085 525 quam
1118 470 1288 526 dicunt,
1321 471 1621 514 Romanensis
1649 472 1704 514 de
1725 472 1901 529 tripode

347 547 539 589 eundem
569 547 753 603 respicit
786 552 1025 588 auctorem.
1084 547 1271 589 Etenim
1303 549 1465 590 Gra-eci
1497 549 1606 590 satis
1637 549 1900 592 recentioris

346 624 505 666 aetatis
544 639 640 665 eam
679 624 725 665 in
766 624 940 665 deliciis
978 624 1194 666 videntur
1230 625 1453 667 habuisse.
1517 626 1580 667 Et
1611 625 1751 668 fuisse
1782 626 1902 669 inter

345 701 547 756 singulas
581 701 790 742 civitates
823 715 1033 755 magnam
1065 700 1119 742 de
1152 701 1228 743 illo
1261 702 1596 744 contentionem
1628 703 1736 745 satis
1768 704 1901 746 multi

344 781 544 819 auctores
585 782 919 819 enarraverunt.
984 778 1072 820 Suo
1111 793 1310 834 quaeque
1350 779 1457 834 civi,
1508 779 1586 834 qui
1631 780 1680 821 in
1727 785 1900 837 septem

343 854 607 910 Sapientum
639 869 825 896 numero
848 854 1029 897 habitus
1058 860 1166 910 erat,
1199 855 1414 898 honorem
1437 871 1486 897 ac
1509 856 1700 912 gloriam
1722 857 1898 913 sapien-

341 930 507 972 tissimi
555 936 597 972 et
645 931 967 973 modestissimi
1016 932 1213 974 tribuere
1261 932 1415 975 sedulo
1464 933 1650 975 studuit.
1721 933 1900 984 Quanta

341 1007 545 1063 ambitio,
595 1008 713 1063 quod
759 1009 1040 1064 principatus
1089 1009 1289 1051 studium
1328 1010 1510 1051 Graecis
1550 1010 1677 1065 quasi
1709 1010 1899 1053 insitum

340 1085 416 1139 sit,
457 1085 555 1140 quis
595 1090 680 1139 est,
721 1086 799 1140 qui
837 1086 1027 1140 ignoret.
1093 1086 1314 1128 Civitates
1363 1087 1636 1129 Graecorum
1684 1087 1898 1142 quamdiu

338 1161 587 1203 floruerunt
619 1178 667 1204 ac
700 1162 961 1218 viguerunt,
994 1162 1077 1204 hoc
1109 1163 1309 1205 studium
1341 1164 1538 1220 optimus
1572 1164 1761 1220 quisque
1789 1164 1895 1206 sati-

337 1253 409 1279 are
442 1239 588 1294 potuit
621 1244 665 1280 et
697 1240 881 1281 satiavit
912 1240 1105 1296 publicis
1137 1240 1361 1283 laboribus
1395 1246 1440 1282 et
1470 1241 1690 1297 operibus.
1735 1240 1893 1283 Liber-

338 1318 429 1357 tate
463 1321 614 1372 erepta
647 1332 747 1358 cum
780 1331 934 1358 omnes
967 1317 1074 1359 boni
1104 1334 1127 1359 a
1149 1317 1377 1374 republica
1399 1318 1597 1374 gerenda
1617 1317 1892 1374 recederent,

338 1407 488 1434 eorum
527 1393 677 1435 studia
715 1394 763 1435 in
801 1394 1086 1449 antiquitatis
1124 1395 1385 1436 memoriam
1424 1394 1728 1451 indagandam
1766 1395 1894 1437 effer-

336 1469 590 1511 vescebant.
638 1471 863 1513 Nimirum
897 1472 1018 1513 enim
1050 1472 1137 1513 viri
1170 1472 1341 1528 patriae
1375 1476 1576 1514 amantes
1609 1472 1893 1528 splendorem

336 1561 386 1588 ac
418 1547 607 1601 gloriam
647 1553 898 1605 temporum
937 1549 1280 1604 praeteritomm
1328 1564 1432 1590 suae
1480 1549 1668 1604 quisque
1715 1549 1893 1591 civitati

334 1623 533 1665 tribuere
571 1625 757 1667 studuit.
820 1626 974 1668 Rebus
1012 1626 1066 1668 ab
1106 1626 1363 1668 Alexandro
1395 1626 1560 1681 Magno
1597 1626 1712 1668 bene
1751 1626 1892 1682 gestis

338 1716 423 1756 quo
455 1702 599 1757 magis
640 1703 825 1744 evanuit
861 1702 1084 1744 libertatis
1123 1718 1241 1758 speS,
1291 1718 1340 1745 eo
1389 1702 1638 1745 sedulosius
1684 1702 1890 1746 homines

335 1779 523 1834 inge-nui
555 1779 626 1821 his
660 1795 839 1836 operam
872 1780 1033 1822 dedere
1068 1780 1243 1822 studiis.
1306 1780 1374 1821 Ea
1410 1779 1551 1834 igitur
1589 1784 1751 1835 aetate,
1803 1795 1889 1835 qua

335 1853 686 1911 Megarenses1),
728 1857 972 1912 Corinthii,
1020 1857 1198 1899 Boeotii
1245 1872 1345 1898 cuin
1392 1857 1511 1898 inter
1559 1871 1605 1898 se
1652 1861 1749 1899 tum
1787 1872 1888 1899 cum

335 1933 689 1975 Atheniensibus
736 1949 826 1976 non
864 1935 1012 1976 minus
1051 1933 1207 1975 acerbe
1239 1949 1318 1990 per
1355 1934 1547 1988 litteras,
1598 1949 1732 1989 quam
1779 1934 1887 1976 olim

333 2024 413 2065 per
459 2010 552 2051 vim
602 2011 832 2053 certabant
879 2011 933 2052 de
981 2011 1198 2053 maiorum
1244 2011 1406 2066 gloria,
1454 2010 1538 2052 hac
1584 2010 1740 2052 eadem
1787 2010 1886 2053 dico

332 2090 477 2128 aetate
526 2086 675 2129 fabula
722 2088 799 2130 illa
847 2094 999 2130 exorta
1045 2088 1226 2130 videtur
1265 2102 1360 2142 esse
1399 2087 1454 2128 de
1486 2087 1677 2143 tripode.
1743 2087 1886 2138 Quam

333 2162 529 2205 fabulam
577 2170 684 2219 quot
730 2180 879 2206 rerum
927 2166 1165 2221 scriptores
1213 2169 1257 2206 et
1294 2165 1578 2206 narraverint
1615 2169 1661 2206 et
1697 2179 1884 2207 exorna-

332 2241 494 2294 verint,
530 2257 551 2282 e
585 2242 722 2283 variis
754 2242 1028 2298 perspicitur
1060 2242 1235 2284 fabulae
1268 2241 1437 2283 formis
1492 2242 1656 2283 Totum
1687 2256 1795 2284 vero
1828 2242 1884 2285 de

331 2317 506 2372 tripode
554 2318 718 2360 librum
764 2319 976 2375 Andron,
1023 2320 1220 2361 incertae
1263 2318 1421 2360 aetatis
1466 2323 1638 2373 auctor,
1686 2318 1881 2375 scripsit.

330 2393 571 2449 Tripodem
594 2396 683 2449 alii,
709 2396 786 2437 alii
808 2397 1019 2452 phialam,
1042 2397 1253 2452 poculum
1276 2395 1366 2450 alii,
1396 2394 1473 2436 alii
1495 2394 1619 2436 aliud
1639 2394 1881 2438 finxerunt.

328 2470 424 2512 Iam
456 2471 651 2527 primum
674 2473 903 2528 Diogenes
936 2479 981 2515 et
1002 2473 1228 2515 Diodorus
1261 2473 1309 2514 in
1342 2486 1393 2513 eo
1426 2471 1730 2526 consentiunt,
1764 2471 1883 2527 quod

327 2552 515 2603 uterque
548 2549 701 2591 Soloni
733 2551 876 2605 primo
909 2551 1103 2606 palmam
1136 2549 1274 2592 dedit.
1317 2548 1407 2591 Sed
1434 2549 1482 2590 in
1510 2548 1749 2590 verborum
1777 2563 1880 2591 con-

327 2638 484 2666 sensus
516 2625 807 2680 inquiramus.

467 2872 502 2910 1)
527 2870 825 2917 Aristophanem
851 2872 1029 2908 Boetium
1055 2873 1171 2919 (Plut.
1199 2873 1244 2908 de
1269 2873 1361 2908 Her.
1387 2872 1476 2910 mal.
1495 2885 1524 2908 c.
1541 2872 1585 2908 31
1600 2885 1635 2919 p.
1649 2872 1720 2908 864
1732 2870 1876 2917 B—G).

323 2927 574 2964 Dieuchidam
601 2930 876 2977 Megarensem,
904 2933 967 2978 qui
993 2933 1392 2979 Atthidographorum
1417 2931 1523 2967 fuere
1548 2931 1734 2978 aequales.
