1960 3293
1027 182 1083 224 50

279 325 396 369 bello
429 341 551 368 sacro
583 324 781 381 gerendo
814 324 903 366 dux
934 339 1026 367 non
1058 324 1202 367 factus
1235 327 1366 367 esset.
1409 323 1478 367 Ac
1505 324 1546 367 si
1571 340 1652 382 per
1680 324 1835 369 decem

280 418 420 446 annos
453 403 528 444 ille
560 401 883 458 rempublicam
916 401 1228 456 constituerat,
1269 417 1319 444 eo
1356 401 1516 444 maiori
1547 401 1836 446 admirationi

279 481 435 522 amicis
468 479 606 521 fuisse
640 482 990 520 consentaneum
1023 482 1103 533 est⁷
1137 478 1255 534 quod
1289 483 1390 535 post
1421 479 1505 521 hoc
1536 480 1731 535 spatium
1752 480 1835 523 im-

278 558 451 614 perium
485 556 694 613 deposuit
724 570 870 610 neque
903 555 1195 609 tyrannidem
1227 556 1477 612 occupavit.
1525 556 1622 598 Iam
1654 557 1692 599 si
1725 557 1835 614 quid

277 635 428 689 video⁷
468 649 490 675 e
524 633 772 675 carminum
804 631 1071 687 fragmentis
1104 637 1289 689 apparet
1320 633 1461 675 fuisse
1499 637 1697 690 tempus,
1746 649 1834 690 quo

278 712 414 754 Solon
451 710 802 752 Atheniensium
841 709 1165 765 rempublicam
1201 725 1360 752 revera
1397 726 1422 752 a
1460 725 1506 752 se
1539 711 1834 754 constitutam

278 804 373 830 esse
411 788 651 830 arbitratus
691 792 771 828 est.
835 787 933 828 Hoo
965 790 1116 828 autem
1147 786 1245 828 fieri
1276 802 1367 829 non
1398 787 1566 843 potuit,
1607 787 1646 829 si
1678 788 1832 831 statim

276 870 378 921 post
409 866 533 921 leges
566 864 705 906 factas
731 862 850 917 (593)
873 864 1187 919 peregrinatus
1211 869 1340 906 esset.
1385 864 1504 914 Quid
1526 879 1632 907 vero
1653 865 1830 922 mirum,

275 942 392 998 quod
430 943 505 983 ille
544 941 772 997 republica
810 945 940 982 aucta
978 945 1022 982 et
1062 940 1263 983 stabilita
1298 956 1487 998 peregre
1524 941 1664 984 abiit?
1724 942 1831 984 Plu-

274 1020 454 1061 tarchus
479 1019 673 1073 denique
695 1022 815 1059 recte
838 1018 1029 1059 alterum
1051 1018 1363 1060 iusiurandum
1384 1019 1567 1061 videtur
1587 1019 1830 1062 rettulisse.

274 1098 429 1152 Neque
469 1096 588 1137 enim
620 1095 923 1136 Athenienses
961 1099 1063 1151 post
1103 1095 1257 1137 decem
1294 1096 1393 1137 illos
1432 1111 1573 1138 annos
1610 1096 1831 1151 religione

274 1174 448 1216 astricti
496 1177 639 1227 erant,
693 1177 745 1214 ut
790 1173 913 1227 leges
961 1177 1204 1214 servarent.
1288 1172 1447 1228 Itaque
1500 1173 1637 1215 Solon
1689 1173 1829 1216 altero

274 1250 559 1292 iureiurando
607 1249 857 1305 effiagitato
907 1250 1074 1305 sanxit,
1122 1254 1172 1291 ut
1213 1249 1337 1304 leges
1382 1249 1430 1290 in
1470 1253 1650 1291 centum
1688 1264 1830 1292 annos

273 1332 395 1369 ratae
428 1332 590 1369 essent.
633 1327 725 1368 Res
757 1331 985 1383 utcunque
1018 1342 1064 1368 se
1097 1326 1244 1381 habet,
1277 1341 1356 1382 pro
1390 1331 1510 1368 certo
1543 1326 1635 1369 dici
1664 1331 1828 1383 potest,

274 1406 482 1448 Solonem
516 1420 569 1446 ex
602 1404 764 1446 itinere
797 1419 888 1445 11011
910 1405 975 1446 ita
996 1404 1137 1445 multo
1160 1408 1264 1445 ante
1286 1403 1517 1445 Pisistrati
1537 1403 1828 1459 tyrannidem

271 1483 461 1538 primam
510 1482 708 1523 rediisse.
786 1482 884 1523 Hoe
925 1481 1045 1522 enim
1084 1495 1175 1522 non
1214 1481 1363 1522 minus
1408 1486 1595 1537 apparet
1634 1496 1688 1522 ex
1726 1496 1827 1524 auc-

271 1564 419 1601 torum
452 1560 631 1601 silentio
665 1559 718 1600 de
751 1558 895 1613 rebus,
931 1573 1039 1614 quas
1073 1558 1147 1599 ille
1179 1562 1281 1614 post
1312 1558 1435 1613 leges
1459 1557 1664 1600 conditas
1686 1573 1828 1614 usque

272 1637 328 1678 ad
358 1636 587 1678 Pisistrati
619 1636 907 1691 tyrannidem
941 1640 1154 1691 gesserat⁷
1188 1650 1320 1690 quam
1353 1650 1376 1676 e
1403 1634 1571 1677 diserto
1592 1635 1828 1678 Plutarchi

270 1714 531 1755 testimonio
570 1729 703 1769 supra
746 1714 899 1768 allato⁷
948 1713 1068 1768 quod
1107 1713 1182 1754 ille
1219 1712 1362 1754 redux
1394 1711 1538 1754 factus
1571 1716 1717 1754 aetate
1748 1712 1825 1754 ad-

270 1790 450 1832 modum
483 1796 721 1846 provectus
755 1790 854 1831 fuit.

411 1868 555 1909 Venio
587 1868 642 1909 ad
674 1868 858 1910 tertium
896 1868 995 1909 iter.
1059 1867 1277 1909 Videmus
1311 1871 1460 1909 autem
1491 1866 1575 1909 hoc
1606 1865 1824 1908 traditum

270 1944 387 2000 apud
418 1945 671 2000 Diogenem
712 1946 750 1997 ‹41
778 1946 835 1987 50
864 1944 945 2000 sq.)
988 1949 1033 1986 et
1071 1944 1256 1986 Suidam
1295 1945 1352 1996 (v.
1383 1941 1551 1997 Solon).
1619 1943 1821 1999 Uterque

269 2027 418 2063 autem
451 2022 507 2063 ad
537 2022 620 2063 hoc
654 2023 739 2064 iter
769 2023 964 2076 rettulit,
1014 2037 1125 2077 quae
1157 2021 1425 2063 Plutarchus
1464 2020 1519 2062 de
1551 2020 1691 2062 altero
1721 2023 1824 2076 post

268 2099 390 2153 leges
439 2099 641 2140 conditas
690 2104 896 2156 suscepto
940 2098 1139 2141 tradidit.
1218 2099 1375 2153 Neque
1423 2097 1681 2152 defuerunt,
1731 2097 1821 2152 qui,

269 2191 369 2217 cum
403 2176 612 2217 Solonem
643 2177 880 2218 Pisistrato
913 2181 1107 2231 tyranno
1140 2175 1335 2217 Athenis
1374 2174 1562 2216 cessisse
1599 2173 1822 2228 viderent⁷

268 2252 421 2307 inepte
455 2253 784 2307 concluderent7
831 2254 958 2295 illum
991 2253 1045 2295 ab
1077 2253 1161 2295 hoc
1192 2252 1242 2293 in
1275 2252 1459 2293 exilium
1490 2251 1679 2293 missum
1711 2266 1820 2293 esse.

267 2329 404 2371 Velut
435 2330 642 2372 Valerius
680 2331 902 2372 Maximus
942 2331 1012 2385 (V,
1047 2331 1072 2371 3
1106 2330 1160 2371 de
1192 2328 1325 2384 ingr.)
1375 2328 1584 2370 Solonem
1623 2343 1646 2369 e
1677 2327 1825 2384 patria

267 2406 507 2461 profugum
539 2406 587 2447 in
619 2407 766 2448 insula
799 2408 950 2464 Cypro
991 2407 1111 2449 diem
1151 2420 1408 2463 supremum
1447 2405 1593 2447 obisse
1631 2404 1821 2446 rettulit.

266 2483 334 2524 Ac
371 2483 458 2525 Dio
497 2483 843 2538 Chrysostomus
889 2486 966 2535 (or.
1002 2485 1058 2526 37
1099 2485 1124 2535 ξ
1158 2481 1203 2537 6)
1241 2482 1462 2536 narravit,
1511 2481 1721 2524 Solonem
1765 2479 1823 2524 ad

265 2716 380 2762 Diels,
420 2716 648 2764 Chronolog.
675 2718 905 2754 Untersuch.
933 2719 1026 2755 iiber
1052 2718 1260 2765 Apollodor
1297 2717 1372 2753 Rh.
1408 2716 1506 2752 Mus.
1544 2728 1579 2752 v.
1607 2715 1664 2761 31,
1702 2728 1737 2762 p.
1765 2715 1820 2761 13,

267 2777 321 2821 14,
348 2778 402 2811 15.
449 2777 533 2811 Hoc
560 2782 687 2812 autem
713 2778 794 2812 loco
822 2778 1001 2824 Diodoro,
1029 2791 1115 2813 cum
1142 2790 1285 2813 annum
1315 2777 1384 2811 421
1412 2788 1431 2811 e
1456 2775 1598 2811 tabulis
1625 2775 1822 2810 chronolo-

265 2835 359 2880 gicis
384 2836 565 2881 hauriret,
593 2840 635 2870 ut
660 2837 906 2872 intervallum
932 2838 1032 2872 inter
1058 2838 1236 2872 Solonem
1260 2840 1297 2871 et
1313 2836 1545 2870 Dracontem
1571 2834 1819 2880 significaret,

264 2894 440 2929 Solonem
466 2907 499 2929 a.
526 2895 675 2929 circiter
699 2897 768 2930 461
794 2896 914 2931 fuisse
940 2897 1020 2933 sive
1047 2896 1148 2942 quod
1173 2908 1317 2930 annum
1338 2893 1558 2929 memoriter
1583 2893 1714 2928 attulit
1738 2892 1821 2929 sive

265 2957 457 2988 auctorem
483 2954 611 2988 nescio
638 2967 748 2999 quem
774 2955 986 3001 (Ephorum
1012 2956 1042 3001 ξ’)
1069 2959 1232 3000 secutus,
1259 2953 1405 2990 statuit.

1939 229 1946 237 .
1926 0 1949 195 ...c-1⁶¹*
