1960 3293
1077 181 1106 225 4

315 326 512 369 annexit.
575 327 706 369 Nunc
737 325 989 381 videamus,
1036 340 1274 381 quemnam
1312 326 1388 368 1116
1428 330 1607 368 secutus
1640 329 1866 368 auctorem

315 408 586 446 conventum
619 403 872 459 sapientum
903 402 1021 459 apud
1055 403 1268 444 Croesum
1299 403 1504 445 habitum
1536 403 1804 458 exposuerit.

454 481 522 522 Ac
570 479 777 522 convivia
788 475 821 532 1”)
867 479 941 520 vel
988 484 1236 521 conventus
1277 484 1450 536 septem
1487 479 1751 536 Sapientum
1790 479 1864 521 de-

314 563 492 600 cantata
539 572 646 611 esse,
695 571 718 597 e
755 556 935 598 Laertio
974 557 1179 612 Diogene
1227 555 1278 611 (1,
1309 555 1386 611 40)
1431 557 1620 612 aliisque
1667 561 1864 614 apparet.

311 635 403 676 Nos
454 649 627 689 quoque
675 633 929 689 exemplum
972 633 1265 675 invenustum
1317 634 1431 675 illud
1477 633 1658 689 quidem
1705 638 1751 676 et
1796 634 1865 676 in-

311 711 492 752 ficetum
532 709 765 752 Plutarchi
799 710 1071 752 Convivium
1110 715 1282 766 septem
1327 710 1591 767 Sapientum
1638 715 1866 754 servatum

312 788 539 829 habemus.
601 787 826 828 Nimirum
858 787 907 828 in
938 786 1010 828 his
1043 787 1265 829 conviviis
1298 788 1538 844 scriptores
1571 788 1680 830 satis
1711 803 1864 830 recen-

311 865 439 906 tioris
472 864 633 906 aetatis
667 863 721 905 de
753 864 923 920 optima
952 864 1018 905 rei
1049 863 1253 920 publicae
1286 864 1446 920 forma,
1480 864 1535 906 de
1566 865 1864 921 religionibus

312 956 362 983 66
395 941 518 983 cultu
552 940 747 996 deorum,
782 940 835 982 de
868 940 1044 982 facetiis
1077 956 1126 983 ac
1159 941 1297 996 scitis,
1331 941 1385 984 de
1418 942 1620 984 tacendis
1659 942 1863 985 dicendis

310 1017 503 1073 denique
552 1018 834 1074 disputantes
882 1017 1027 1059 fecere
1065 1018 1270 1060 homines
1310 1019 1410 1061 illos
1442 1019 1863 1062 verecundissimos.

309 1095 494 1137 Etenim
541 1100 711 1151 septem
759 1095 1023 1150 Sapientum
1069 1110 1159 1150 res,
1208 1110 1293 1151 quo
1342 1096 1632 1138 crassioribus
1681 1095 1869 1163 obrutae

309 1177 436 1214 erant
482 1171 698 1227 tenebris,
749 1187 798 1214 eo
846 1172 992 1228 magis
1029 1172 1286 1229 philosophi
1328 1172 1617 1228 rhetoresque
1657 1173 1864 1215 certatim

309 1247 510 1290 fabulosa
542 1249 596 1291 de
630 1250 693 1291 613
726 1249 897 1304 fingere
931 1254 1184 1305 coeperunt.
1263 1249 1416 1304 Atque
1455 1249 1520 1304 id,
1563 1249 1682 1305 quod
1719 1249 1863 1291 Theo-

307 1322 558 1381 phrastus2)
600 1341 672 1368 eos
711 1326 944 1381 ingeniose
984 1326 1265 1382 disputantes
1298 1325 1483 1381 fecerat,
1523 1327 1672 1369 minus
1705 1331 1863 1383 argute

308 1402 420 1444 illud
453 1403 633 1458 quidem
667 1403 745 1444 sed
777 1402 968 1445 eundem
1001 1404 1049 1445 in
1081 1404 1263 1446 modum
1296 1404 1392 1458 alii,
1424 1403 1545 1445 hunc
1576 1403 1863 1460 potissimum

308 1480 468 1535 secuti,
516 1485 825 1522 narraverunt.
888 1477 1221 1532 Plutarchum3)
1261 1480 1442 1536 quidem
1481 1480 1557 1522 illo
1590 1496 1721 1522 usum
1753 1495 1863 1536 esse,

308 1556 373 1611 id,
408 1557 527 1612 quod
560 1554 659 1610 περὶ
705 1557 864 1612 τροφῆς
903 1557 1170 1614 disputavit,
1204 1557 1458 1613 significare
1490 1557 1684 1599 videtur.
1746 1558 1864 1599 ltem

307 1634 362 1676 ab
394 1634 575 1689 Ephoro
613 1634 814 1676 historiis
854 1635 946 1676 suis
986 1639 1259 1677 conventum
1298 1635 1518 1676 insertum
1556 1649 1653 1676 esse
1690 1639 1863 1691 septem

308 1710 572 1766 Sapientum
612 1712 818 1753 Laertius
858 1712 1087 1767 Diogenes
1137 1712 1326 1753 tradidit
1367 1712 1418 1766 (I,
1456 1712 1536 1753 40:
1580 1703 1769 1766 ''Espoqog
1815 1707 1862 1750 δὲ

311 1782 434 1841 παρὰ
467 1784 642 1841 Κροίσῳ
676 1783 793 1843 πλὴν
829 1786 988 1837 Θαλοῦ,
1030 1788 1201 1830 scilicet
1243 1781 1419 1839 ὁμιλίαν
1451 1780 1592 1827 αἰτῶν
1623 1784 1859 1843 γέγραφεν).

308 1865 493 1907 Etenim
524 1866 562 1906 is
594 1866 677 1907 hoc
709 1867 816 1920 loco,
851 1881 1139 1922 quaecunque
1171 1865 1226 1907 de
1258 1866 1436 1908 illorum
1468 1865 1595 1907 scitis
1627 1865 1863 1920 divulgata

309 1947 447 1996 erant,
482 1942 782 1998 compluribus
813 1943 921 1985 locis
955 1944 1284 1998 contaminatis,
1320 1943 1526 1998 attigisse
1558 1945 1635 1984 aut
1667 1941 1860 1998 explica-

307 2019 428 2061 visse
459 2019 652 2061 videtur.
1107 2010 1112 2015 ⁸

449 2096 517 2138 De
540 2096 721 2152 Ephoro
743 2097 991 2139 Diodorum
1022 2097 1141 2139 hunc
1163 2097 1310 2139 locum
1342 2096 1686 2152 deprompsisse,
1718 2095 1859 2138 Klue-

306 2171 438 2214 berus
449 2170 479 2224 4)
512 2188 603 2215 non
634 2174 742 2215 satis
764 2174 984 2230 probavit.
1029 2173 1420 2230 Deprehendimus
1442 2177 1592 2215 autem
1614 2173 1861 2229 compluria

450 2324 484 2370 1)
512 2325 550 2361 O.
577 2325 698 2360 Lehrs
726 2326 769 2361 de
796 2326 1010 2361 Aristarchi
1035 2326 1172 2361 studiis
1198 2325 1412 2361 Homericis
1439 2324 1493 2360 ed.
1521 2325 1586 2360 alt.
1612 2337 1646 2371 p.
1674 2326 1744 2359 212
1770 2337 1857 2360 ann,

305 2384 516 2420 rectissime
541 2385 742 2419 annotavit
768 2385 813 2419 de
841 2386 1027 2421 conviviis
1051 2386 1256 2432 epulisque,
1283 2385 1419 2430 quibus
1436 2384 1495 2419 usi
1512 2388 1604 2419 sunt
1621 2384 1858 2420 diversarum

305 2444 520 2479 scholarum
546 2448 763 2487 sectatores,
791 2444 948 2479 fluxisse
974 2445 1145 2479 fabulam
1171 2444 1217 2479 de
1242 2448 1388 2490 septem
1414 2443 1636 2489 Sapientum
1667 2455 1746 2478 non
1772 2455 1857 2479 con-

305 2503 481 2538 vent-ibus
507 2507 670 2547 tantum,
697 2504 761 2538 sed
788 2504 902 2538 etiam
929 2504 1126 2539 conviviis.

447 2573 484 2619 2)
509 2574 732 2609 Athenaeus
758 2575 827 2617 XI,
854 2587 888 2621 p.
915 2576 1002 2620 4633
1029 2574 1205 2610 Laertius
1230 2574 1420 2620 Diogenes
1445 2574 1490 2617 V,
1516 2574 1572 2608 48.

445 2644 481 2689 3)
507 2644 607 2679 Plut.
636 2645 680 2680 de
707 2644 891 2680 Convivio
918 2650 1010 2692 sept.
1038 2645 1121 2692 Sap.
1149 2658 1178 2680 c.
1206 2646 1251 2680 14
1277 2656 1330 2691 sq.
1363 2644 1409 2680 cf.
1436 2644 1697 2690 Wyttenbach
1726 2647 1856 2680 annot.

305 2702 353 2737 ad
377 2703 400 2737 1.
427 2703 450 2737 1.

445 2773 483 2818 4)
509 2774 570 2809 Ab
608 2775 761 2820 Ephoro
801 2775 879 2809 solo
917 2775 1018 2810 hunc
1057 2780 1289 2810 conventum
1321 2778 1466 2820 septem
1496 2774 1720 2820 Sapientum
1754 2774 1856 2821 apud

306 2832 487 2867 Croesum
518 2833 692 2867 habitum
723 2838 922 2868 narratum
958 2846 1037 2869 esse
1067 2847 1144 2869 non
1176 2834 1256 2869 iure
1282 2834 1497 2868 Klueberus
1529 2834 1567 2878 (l.
1593 2834 1617 2868 1.
1643 2847 1679 2880 p.
1707 2832 1742 2878 7)
1776 2833 1854 2879 opi-

303 2894 416 2925 natus
443 2895 510 2926 est.
550 2892 649 2926 Nam
673 2893 754 2927 veri
780 2893 1065 2927 absimillimum
1090 2897 1157 2936 est,
1185 2893 1387 2939 epistulam
1413 2893 1461 2927 ad
1485 2896 1631 2939 septem
1657 2892 1854 2939 Sapientes

304 2961 326 2984 a
351 2950 558 2985 Periandro
585 2951 764 2997 scriptam
791 2950 931 2996 (Laert.
959 2951 1149 2998 Diogenes
1175 2952 1204 2997 I,
1231 2952 1290 2998 99)
1317 2963 1363 2986 ex
1388 2952 1543 2999 Ephoro
1568 2950 1735 2988 fluxisse.
