1960 3293
1075 158 1103 197 8

312 300 510 356 protulit,
544 298 769 340 dicentem
800 297 945 340 finxit.
957 295 987 349 ¹)
1029 298 1127 339 Hac
1159 297 1235 340 ille
1263 297 1413 341 fabula
1433 301 1612 341 narrata
1634 297 1862 341 Phalarim

313 377 367 418 de
413 391 552 432 regno
601 375 835 431 depulsum
880 389 975 416 esse
1018 375 1196 416 rettulit
1242 370 1335 428 (καὶ
1383 369 1578 429 Φάλαρις
1622 370 1670 414 ἐκ
1706 369 1861 415 τούτου

312 447 440 505 λόγου
473 445 669 503 circada&
700 446 776 506 Τὴν
808 445 1073 490 δι’νάστειαν.
1118 451 1207 494 Sed
1233 451 1466 494 redeamus
1492 451 1548 494 ad
1568 451 1860 508 propositum.

311 529 380 572 Ac
421 530 469 570 in
506 529 759 584 fragmento
804 529 859 569 29
904 527 1090 569 Adrasti
1138 528 1399 585 depingitur
1445 529 1697 571 miserrima
1753 543 1859 571 sors.

311 606 400 648 Hic
439 605 769 648 animadvertas
811 605 965 646 Croesi
1013 610 1166 647 contra
1202 604 1447 648 Adrastum
1484 606 1630 648 minas
1669 598 1864 658 (ἀπειλεῖ

312 680 450 732 ζῶντα
482 675 798 735 κατακαύσειν).
860 682 956 723 Has
989 686 1137 724 autem
1169 681 1426 725 Herodotus
1459 683 1509 738 (I,
1533 683 1592 725 44
1622 676 1789 734 μᾶλλόν
1819 696 1863 722 τι

311 756 635 812 ἐδεινολογεῖτο)
682 763 758 800 aut
804 759 1016 813 nescivit,
1067 763 1143 801 aut
1181 759 1300 815 quod
1337 759 1450 801 mihi
1485 775 1749 816 persuasum
1781 763 1861 815 est,

312 837 514 878 consulto
546 835 861 891 praetermisit,
896 835 1015 890 quod
1047 851 1147 878 cuni
1179 837 1376 879 moribus
1408 837 1529 893 regis
1552 852 1578 879 a
1600 852 1646 879 se
1669 836 1862 893 depictis

311 914 425 955 male
459 917 769 968 congruerent.
835 913 1006 954 Tamen
1039 912 1156 968 quod
1188 913 1308 955 idem
1342 913 1395 955 de
1430 914 1584 956 Croesi
1615 914 1665 955 in
1695 913 1862 956 Panta-

311 992 507 1033 leontem
548 989 813 1031 crudelitate
850 989 1056 1044 tradidit,
1105 1005 1259 1046 regem
1311 1006 1336 1033 a
1376 991 1542 1034 talibus
1586 990 1860 1033 facinoribus

309 1067 653 1122 haudquaquam
701 1067 982 1109 abhorruisse
1030 1067 1319 1110 demonstrat.
1369 1068 1418 1123 (I,
1453 1068 1523 1122 92,
1560 1067 1643 1119 15).
1711 1066 1863 1123 Atque

308 1145 541 1201 Ephorum
574 1145 750 1201 saepius
789 1145 843 1186 ab
875 1144 1105 1187 Herodoto
1144 1145 1402 1187 discessisse
1438 1145 1559 1187 haud
1590 1145 1861 1201 ignoramus.

309 1223 410 1264 Huc
442 1222 674 1278 pertinent
705 1221 958 1277 fragmenta
990 1223 1058 1277 31,
1095 1223 1116 1264 1
1153 1226 1196 1264 et
1228 1223 1297 1264 32.
1342 1223 1476 1264 Caret
1507 1226 1660 1264 autem
1679 1221 1862 1264 notissi-

309 1314 432 1340 mum
464 1298 577 1340 illud
609 1298 663 1340 de
695 1299 881 1340 flumine
913 1299 1141 1341 oraculum
1173 1299 1289 1355 apud
1321 1299 1603 1341 Herodotum
1635 1299 1685 1354 (Ι,
1718 1298 1788 1354 53,
1819 1298 1862 1351 5)

310 1375 558 1418 hexametri
605 1375 764 1430 forma,
814 1390 947 1431 quam
984 1375 1208 1418 Diodorus
1247 1378 1316 1431 31,
1353 1377 1375 1419 1
1415 1376 1609 1418 exhibet.
1677 1375 1863 1418 Etenim

309 1452 395 1495 duo
428 1454 605 1495 oracula
637 1453 881 1495 secundum
913 1452 1194 1495 Herodotum
1225 1451 1271 1507 (1.
1305 1450 1354 1507 1.)
1394 1453 1583 1495 Croesus
1621 1467 1711 1495 uno
1748 1456 1861 1494 tem-

307 1545 414 1586 pore
446 1530 500 1573 ab
532 1530 746 1586 Apolline
778 1531 957 1586 petivit.
1020 1531 1194 1572 Horum
1226 1531 1366 1573 altero
1399 1530 1532 1573 deum
1562 1529 1860 1586 respondisse,

307 1612 359 1649 ut
388 1623 468 1649 rex
501 1609 793 1663 Graecorum,
841 1623 949 1664 quos
989 1607 1328 1664 potentissimos
1367 1608 1672 1664 cognovisset,
1719 1607 1862 1649 socios

309 1685 395 1726 sibi
433 1684 710 1740 adiungeret.
774 1686 872 1728 Hoc
911 1685 987 1727 ille
1032 1690 1212 1727 secutus
1245 1686 1474 1727 oraculum
1506 1700 1608 1727 cum
1639 1683 1862 1726 Lacedae-

309 1762 473 1804 moniis
522 1762 781 1804 societatem
830 1763 946 1805 iniit.
995 1763 1118 1814 (Her.
1158 1763 1192 1818 1,
1242 1759 1372 1816 69.)2)
1453 1763 1548 1804 Has
1596 1765 1747 1804 autem
1791 1776 1862 1803 res

308 1853 487 1894 prorsus
540 1839 669 1881 aliter
716 1840 770 1882 ab
808 1840 999 1896 vEphoro
1038 1844 1264 1882 enarratas
1297 1854 1412 1895 esse,
1462 1854 1485 1881 e
1522 1838 1774 1895 fragmento
1807 1839 1862 1880 32

308 1916 595 1972 perspicitur,
650 1917 770 1972 quod
817 1917 872 1959 de
918 1913 1046 1971 hoc3)
1101 1917 1414 1973 depromptum
1461 1932 1558 1959 esse
1607 1916 1862 1959 Klueberus

453 2080 487 2125 1)
515 2081 719 2124 Quaerenti
751 2080 846 2116 mihi
872 2082 1044 2128 exempla
1070 2081 1184 2116 huius
1209 2093 1269 2116 res
1295 2080 1514 2116 conectendi
1541 2080 1690 2127 generis
1715 2092 1759 2115 ea
1783 2091 1861 2115 non

311 2139 559 2174 occurrebant
594 2140 693 2186 apud
724 2141 947 2175 Diodorum.
999 2141 1128 2176 Unum
1155 2140 1255 2187 quod
1282 2141 1331 2176 H.
1359 2140 1475 2185 Diels,
1510 2152 1584 2186 qua
1610 2143 1668 2175 est
1693 2139 1864 2185 benigni-

310 2202 406 2243 tate,
444 2211 592 2234 mecum
632 2200 947 2244 communicavit,
985 2212 1215 2246 quamquam
1250 2212 1326 2235 non
1365 2200 1477 2246 plane
1515 2200 1563 2234 ad
1600 2199 1672 2234 hoc
1703 2201 1862 2244 spectat,

311 2259 624 2293 commemorabo.
687 2260 733 2294 In
765 2260 862 2295 libro
898 2260 989 2303 XII,
1018 2260 1072 2305 11,
1098 2260 1122 2293 4
1153 2270 1206 2304 sq.
1244 2258 1436 2295 Diodorus
1473 2259 1601 2306 inepte
1640 2258 1865 2294 Charondae

310 2317 457 2363 legibus
489 2318 719 2353 Thuriorum
756 2319 1030 2365 rempublicam
1069 2318 1318 2354 constitutam
1356 2331 1437 2354 esse
1468 2318 1652 2354 narravit.
1703 2319 1787 2353 Hac
1823 2329 1865 2353 re

310 2377 484 2423 exposita
498 2377 651 2412 Zaleuci
676 2378 779 2423 leges
807 2374 887 2421 (duci
914 2391 948 2412 τε
976 2374 1038 2421 τὴν
1065 2373 1201 2424 ὁμοίαν
1227 2382 1445 2424 προαίρεσιν
1471 2378 1534 2412 τοῦ
1553 2381 1635 2422 βίου
1660 2379 1722 2410 καὶ
1749 2372 1786 2411 τὸ
1804 2389 1862 2422 γε·

310 2439 458 2481 γονέναι
484 2431 566 2473 τοὺς
594 2430 730 2482 ἄνδρας
756 2438 793 2470 ἐν
821 2433 972 2470 πόλεσιν
1000 2433 1262 2482 ἄστυγείτοσιν.
1292 2439 1346 2482 12,
1374 2438 1428 2482 19,
1455 2437 1491 2483 3)
1525 2437 1769 2483 explicandas
1801 2449 1864 2471 an-

310 2495 428 2530 nexit.
479 2495 580 2529 Fieri
606 2500 735 2530 autem
760 2496 902 2542 potuit,
928 2500 971 2531 ut
996 2496 1187 2532 Diodorus
1211 2500 1365 2543 poetam
1390 2496 1531 2542 Aesopi
1555 2496 1719 2531 similem
1744 2495 1785 2531 in
1810 2495 1864 2531 Si-

312 2554 398 2588 cilia
422 2554 637 2589 Phalaridis
662 2555 896 2601 temporibus
922 2555 1095 2591 floruisse
1128 2560 1166 2591 et
1197 2556 1244 2591 ab
1269 2556 1342 2590 hoc
1366 2555 1538 2590 fabulam
1567 2555 1758 2601 prolatam
1783 2566 1865 2590 esse

312 2617 495 2648 narraret.

453 2683 489 2730 2)
516 2685 734 2720 Herodotus
770 2685 864 2720 duas
899 2687 1218 2722 contaminavisse
1249 2686 1402 2723 videtur
1431 2685 1687 2731 narrationes3
1726 2685 1864 2720 harum

313 2743 472 2778 alteram
498 2756 519 2778 a
544 2744 781 2790 Delphorum
807 2745 1015 2792 interprete
1042 2747 1086 2781 de
1112 2759 1230 2792 regno
1255 2745 1442 2792 perituro,
1480 2745 1640 2780 alteram
1674 2744 1719 2779 de
1751 2744 1864 2779 sociis

313 2802 564 2849 adiungendis
582 2815 604 2837 a
621 2804 932 2839 Lacedaemoniis
958 2805 1114 2851 accepit.
1149 2806 1261 2840 Hanc
1287 2805 1333 2840 ob
1360 2816 1514 2840 causam
1540 2804 1738 2839 oraculum
1763 2803 1863 2849 apud

314 2873 400 2896 eum
424 2873 538 2896 versu
563 2862 714 2897 heroico
741 2866 854 2897 caret.

453 2932 489 2977 3)
517 2932 563 2967 cf.
590 2933 719 2979 Frgm.
747 2933 795 2968 H.
816 2934 880 2968 Gr.
907 2934 952 2969 ed
979 2935 1017 2969 C.
1037 2935 1081 2969 A.
1101 2936 1170 2970 Th.
1189 2935 1349 2970 Mueller
1374 2947 1409 2970 v.
1436 2935 1455 2969 1
1480 2933 1618 2980 fragm.
1640 2935 1707 2970 106
1725 2947 1759 2980 p.
1782 2934 1861 2968 137.
