1960 3293
1087 181 1143 222 22

337 327 455 368 1111361·
487 325 599 368 Coos
633 328 677 366 et
709 324 910 366 Milesios
950 323 1138 365 conflato
1176 322 1436 379 Apollinem
1473 322 1744 379 Delphicum
1783 339 1886 367 con-

337 403 424 445 31111
468 402 649 458 1116011113.
728 400 817 443 Sed
862 400 1083 456 Diogenis
1131 400 1272 442 oratio
1320 400 1374 442 de
1422 401 1505 442 hac
1542 415 1590 442 re
1629 415 1654 442 a
1690 400 1887 444 Diodoro

337 479 481 521 aliena
514 483 592 520 est.
655 477 804 532 Atque
838 477 933 533 ipse
966 482 1204 532 sequentes
1236 477 1291 519 de
1322 477 1409 519 alio
1442 482 1622 519 auctore
1655 477 1887 535 depromp-

335 561 403 598 tas
451 571 547 597 esse
594 554 766 596 fabulas
816 553 982 595 diserte
1031 554 1159 595 dixit.
1236 554 1460 596 Diodorus
1508 559 1658 596 autem
1694 570 1804 598 num
1841 555 1898 609 in·

337 632 537 674 Thaletis
563 632 660 674 vita
682 631 791 673 alias
814 630 1041 672 addiderit
1063 631 1118 672 de
1146 631 1223 673 1110
1247 630 1433 685 fabulas,
1468 631 1594 673 velut
1621 631 1671 673 in
1691 632 1886 689 Biantis,

334 709 384 751 in
421 708 567 750 medio
604 708 951 763 relinquendum
990 712 1069 750 est.
1133 709 1230 750 Hoc
1267 724 1348 765 pro
1388 702 1507 751 certo
1537 708 1694 751 haberi
1725 713 1887 766 potest,

337 785 538 829 Thaletis
561 785 715 840 vitam,
750 800 1018 840 quamquam
1050 785 1226 827 nullum
1259 785 1314 827 de
1347 801 1397 827 ea
1426 790 1549 828 extat
1571 785 1888 842 fragmentum,

334 878 360 905 a
390 862 586 905 Diodoro
620 862 845 918 depictam
878 877 987 904 esse.
1050 863 1094 903 13
1134 862 1255 904 enim
1294 878 1316 904 e
1353 878 1540 905 numero
1586 863 1675 905 fuit
1721 878 1886 920 eorum,

335 939 412 995 qui
458 939 703 981 secundum
749 939 1074 981 Dicaearchum
1122 940 1286 991 (Laert.
1326 940 1527 995 Diog.1,
1566 940 1640 992 41)
1689 940 1890 983 omnium

335 1031 554 1059 consensu
587 1017 811 1073 sapientes
843 1016 987 1059 habiti
1020 1021 1137 1059 sunt.
1197 1017 1359 1058 Nullus
1392 1021 1544 1059 autem
1576 1017 1746 1073 dubito,
1780 1018 1890 1073 quin

337 1093 604 1149 fragmenta,
639 1109 749 1149 quae
783 1093 838 1135 ad
861 1094 1072 1136 Solonem
1106 1098 1311 1151 spectant
1343 1094 1400 1149 (1,
1419 1095 1458 1149 3,
1477 1095 1523 1149 43
1547 1096 1586 1149 2,
1610 1097 1646 1150 1,
1666 1096 1704 1150 2,
1725 1096 1764 1150 3,
1782 1095 1823 1150 4,
1842 1095 1887 1150 53
1918 1102 1924 1106 ’

334 1172 372 1226 3,
411 1172 452 1224 1;
490 1172 525 1225 1,
561 1171 603 1222 2)
638 1187 690 1212 ex
724 1171 879 1213 eodem
911 1171 987 1213 ille
1020 1171 1165 1226 fonte,
1206 1186 1291 1227 quo
1325 1171 1379 1213 de
1412 1172 1572 1214 ceteris
1605 1172 1885 1229 sapientibus

334 1247 674 1304 deprompserit.

1062 1375 1158 1423 ξ2.

475 1480 607 1522 Ν11110
639 1484 791 1535 restat,
825 1485 875 1522 ut
908 1479 961 1522 de
994 1480 1247 1536 fragmento
1278 1481 1308 1522 4
1339 1481 1412 1523 vel
1445 1480 1563 1536 quod
1595 1480 1783 1523 eandem
1815 1496 1889 1524 ex-

334 1556 462 1599 hibet
491 1572 598 1612 rem,
632 1558 686 1599 21
722 1557 1005 1600 disseramus.
1064 1558 1139 1600 An
1171 1558 1341 1600 Maium
1375 1563 1419 1600 613
1450 1558 1703 1600 Kluberum
1736 1573 1891 1614 seque-

333 1649 451 1688 mur,
502 1635 579 1689 qui
616 1634 725 1676 haec
764 1635 1087 1690 eclogariorum
1126 1636 1256 1692 culpa
1293 1635 1485 1692 repetita
1523 1640 1674 1678 extare
1707 1640 1889 1678 conten-

335 1710 524 1753 derunt?
584 1712 710 1753 Haec
742 1712 941 1754 virorum
974 1712 1206 1754 doctorum
1242 1712 1547 1768 ratiocinatio,
1595 1728 1728 1768 quam
1773 1713 1889 1756 levis

334 1791 380 1830 et
425 1788 571 1830 futilis
621 1789 693 1843 sit,
741 1804 875 1846 supra
923 1790 1228 1832 disseruimus.
1304 1789 1371 1831 Ac
1418 1789 1643 1832 Diodorus
1694 1805 1794 1832 cum
1840 1790 1890 1832 in

334 1864 600 1920 fragmentis
634 1864 813 1921 (1—15)
847 1882 871 1908 a
905 1867 1084 1909 Solonis
1116 1866 1344 1924 profectus
1377 1867 1473 1908 vita
1505 1870 1681 1923 septem
1703 1866 1888 1923 Sapien-

333 1947 430 1984 tum
478 1942 649 1985 fabulas
697 1944 988 2000 narravisset,
1036 1944 1291 2001 fragmento
1339 1944 1391 1986 16
1436 1944 1493 1986 ad
1534 1944 1721 1999 bellum,
1772 1943 1891 2000 quod

334 2023 530 2073 vocatur,
566 2036 739 2062 sacrum
770 2022 965 2064 transiit.
1034 2022 1089 2063 In
1127 2021 1379 2077 fragmento
1421 2022 1492 2076 19,
1539 2025 1591 2063 ut
1636 2021 1891 2077 fragmenta

334 2095 411 2137 1116
444 2096 625 2152 (1111(16111
663 2113 750 2139 non
793 2098 847 2140 de
886 2099 1110 2155 excerptis
1149 2098 1412 2155 deprompta
1445 2098 1524 2140 sed
1555 2098 1609 2140 ab
1642 2098 1889 2141 editoribus

334 2172 487 2214 addita
520 2174 744 2230 omittam,
791 2175 845 2217 de
883 2176 1136 2218 Phalaridis
1168 2176 1412 2232 tyrannide
1445 2175 1730 2232 disceptavit.
1791 2175 1890 2218 Iam

333 2264 439 2292 vero
462 2251 511 2292 in
534 2250 788 2307 fragmento
812 2254 865 2294 21
892 2253 1069 2295 Solonis
1095 2253 1265 2295 exitum
1288 2258 1333 2295 et
1353 2253 1583 2294 Pisistrati
1599 2252 1890 2308 tyrannidem

334 2327 523 2383 primam
556 2329 744 2371 rettulit.
795 2330 981 2372 Etenim
1013 2331 1128 2372 hanc
1160 2331 1478 2384 narrationem,
1511 2345 1644 2385 quam
1676 2333 1808 2372 antea
1838 2329 1888 2372 in

335 2403 589 2460 fragmento
626 2407 655 2447 4
694 2413 1135 2463 commemoraverat,
1189 2423 1290 2450 cum
1336 2407 1392 2449 ad
1429 2407 1598 2449 iustum
1635 2411 1889 2464 temporum

335 2480 502 2522 rediret
534 2481 754 2537 ordinem,
795 2499 819 2525 a
858 2499 943 2539 quo
977 2485 1056 2527 has
1088 2485 1260 2528 fabulas
1295 2484 1560 2541 explicando
1592 2484 1888 2539 aberraverat,

335 2557 499 2599 iterum
532 2574 716 2614 eamque
750 2561 1000 2603 accuratius
1032 2562 1274 2618 protulisse
1306 2561 1499 2603 videtur.
1561 2562 1889 2616 Fragmentum

334 2638 484 2675 autem
518 2641 725 2690 quartum
759 2651 811 2678 ex
844 2637 999 2679 eodem
1032 2638 1171 2694 fonte,
1205 2654 1290 2694 quo
1323 2653 1476 2680 omnes
1509 2637 1564 2679 de
1596 2642 1769 2694 septem
1797 2637 1888 2679 iHis

334 2710 525 2766 fabulas,
572 2712 780 2755 haustum
829 2729 942 2769 esse,
994 2730 1016 2756 e
1064 2716 1179 2771 loco,
1227 2731 1313 2771 quo
1362 2719 1502 2769 extat,
1557 2718 1760 2770 apertum
1806 2719 1888 2756 est.

334 2788 500 2843 Magna
531 2794 680 2831 autem
713 2796 780 2832 est
812 2791 1027 2845 quaestio,
1060 2807 1169 2833 num
1201 2793 1276 2834 1116
1308 2792 1614 2848 fragmentum
1636 2792 1690 2833 21
1725 2791 1780 2833 (16
1802 2791 1887 2833 1100

337 2864 491 2905 60(16111
538 2870 716 2907 auctore
765 2867 1103 2922 deprompserit.
1195 2869 1345 2923 Atque
1391 2873 1443 2910 ut
1489 2868 1743 2923 fragmenta
1790 2867 1888 2923 ipsa

336 2938 408 2992 (21
435 2946 478 2982 et
498 2941 542 2992 4>
574 2941 915 2998 haudquaquam
948 2944 1066 2986 inter
1098 2960 1145 2986 se
1168 2945 1437 3001 discrepant,
1472 2946 1535 2987 ita
1563 2945 1611 2986 in
1633 2944 1887 3000 fragmento
