1960 3293
1080 139 1135 184 32

329 300 548 328 consensu
580 300 675 326 sese
708 284 906 326 insanire
939 284 1188 339 simularet,
1237 283 1320 327 hoc
1367 288 1470 341 apte
1507 282 1679 340 fingere
1715 286 1876 342 potuit.

330 362 457 412 Quod
503 362 594 403 nisi
640 361 840 415 fecisset,
887 365 939 402 ut
975 366 1108 417 poeta
1145 365 1248 417 apte
1287 377 1333 403 se
1364 377 1628 418 praeconem
1659 362 1878 419 finxisset,

328 453 413 493 quo
451 439 596 494 magis
634 438 986 480 Atheniensium
1027 438 1200 479 animos
1239 439 1466 480 excitaret.
1535 439 1693 495 Neque
1725 454 1749 481 e
1779 454 1878 496 per-

326 516 479 571 paucis
513 515 723 557 carminis
756 514 1024 570 fragmentis
1057 519 1257 570 apparet,
1307 531 1393 571 quo
1430 515 1563 558 modo
1600 516 1677 558 ille
1713 516 1800 559 hoo
1830 517 1880 559 in

328 593 523 634 carmine
569 593 666 648 ipso
715 591 1020 647 explicaverit.
1085 591 1214 641 Quod
1263 608 1369 635 vero
1407 594 1724 649 Begemannus
1772 608 1876 635 con-

326 669 493 723 tendit,
542 669 620 711 hos
653 684 810 710 versus
843 684 944 711 cum
977 669 1189 711 extremis
1222 669 1493 727 discrepare,
1543 670 1696 712 nescio
1726 676 1879 713 utrum

325 746 374 787 in
404 746 567 802 plurali
600 746 813 800 haeserit,
862 761 918 787 an
956 746 1004 787 in
1043 745 1366 789 adhortatione.
1428 748 1681 803 Utrumque
1727 752 1878 790 autem

324 828 416 865 tam
448 823 690 864 vehemens
729 838 778 864 ac
817 827 908 864 tam
940 824 1217 865 luculentum
1257 839 1352 866 esse
1390 824 1617 880 videatur,
1663 829 1715 866 ut
1760 824 1879 867 nihil

323 900 468 955 magis
501 900 711 942 idoneum
744 900 800 941 ad
832 900 1182 943 Atheniensium
1215 902 1386 943 animos
1411 901 1665 944 incitandos
1687 902 1878 958 cogitari

322 977 477 1033 possit.

465 1054 531 1096 Ac
578 1070 634 1096 ne
683 1059 949 1110 argumenta
996 1055 1193 1110 quidem,
1243 1071 1355 1111 quae
1401 1057 1542 1099 Ernst
1585 1056 1640 1098 de
1678 1056 1878 1099 Leutsch

324 1132 368 1183 (l.
397 1133 423 1173 l.
458 1148 500 1188 p.
529 1133 610 1173 136
643 1130 727 1187 sq.)
760 1133 959 1188 protulit,
994 1132 1223 1188 probanda
1255 1138 1372 1175 sunt.
1414 1134 1708 1176 Plutarchum
1740 1133 1875 1189 enim,

324 1209 361 1250 si
394 1210 589 1250 carmina
624 1210 721 1265 ipsa
753 1210 1035 1265 inspexisset,
1070 1210 1124 1251 de
1156 1211 1310 1252 multis
1341 1210 1474 1252 rebus
1503 1211 1634 1252 aliter
1655 1211 1875 1253 iudicatu-

321 1301 418 1327 rum
452 1286 589 1328 fuisse
623 1287 869 1329 contendit.

468 1401 502 1441 1.
566 1399 858 1441 Plutarchum
904 1400 961 1452 (v.
998 1400 1085 1441 Sol.
1122 1416 1156 1442 c.
1192 1398 1236 1454 3)
1285 1401 1491 1443 dubitare
1537 1415 1628 1442 non
1674 1399 1875 1456 potuisse

322 1477 430 1532 quin
477 1492 631 1518 versus
679 1476 810 1532 frgm.
851 1478 905 1518 31
925 1493 948 1519 e
998 1478 1192 1519 carmine
1231 1477 1286 1519 de
1323 1477 1500 1534 legibus
1533 1478 1702 1534 sumpti
1733 1477 1876 1534 spurii

322 1559 483 1596 essent.
553 1554 700 1596 Hodie
740 1559 890 1596 autem
930 1555 968 1596 si
1007 1555 1146 1596 codex
1185 1555 1362 1597 Solonis
1401 1555 1600 1597 carmina
1637 1556 1875 1598 continens

322 1636 512 1686 extaret,
546 1636 697 1673 tamen
729 1632 816 1672 viri
849 1632 970 1673 docti
1002 1632 1050 1673 in
1083 1632 1231 1674 medio
1263 1632 1589 1688 relinquerent,
1636 1647 1793 1675 versus
1826 1632 1876 1674 in

322 1709 473 1750 codice
506 1709 669 1750 omissa
701 1714 851 1750 essent
884 1725 987 1750 casu
1019 1724 1075 1751 an
1109 1710 1330 1763 consulto,
1381 1709 1499 1764 quod
1537 1709 1679 1766 spurii
1711 1713 1874 1765 essent,

321 1786 410 1827 nisi
443 1801 496 1827 ex
528 1786 628 1827 aliis
661 1787 938 1841 argumentis
971 1794 1048 1828 aut
1079 1787 1161 1829 hoc
1195 1792 1271 1828 aut
1303 1787 1417 1829 illud
1445 1787 1655 1843 colligere
1676 1790 1874 1844 possent.

322 1863 517 1904 Tantum
550 1863 692 1919 igitur
723 1863 861 1918 abest,
895 1868 946 1905 ut
978 1863 1200 1906 dubitatio
1232 1864 1474 1906 Plutarcho
1506 1864 1741 1921 opprobrio
1773 1879 1872 1906 ver-

321 1940 457 1981 tenda
490 1940 563 1995 sit,
595 1945 646 1981 ut
679 1941 720 1981 ei
753 1940 875 1982 laudi
908 1941 980 1996 sit,
1016 1942 1133 1997 quod
1165 1956 1255 1983 non
1277 1947 1444 1984 temere
1466 1941 1550 1984 hoc
1570 1941 1876 1997 fragmentum

321 2017 475 2059 Soloni
507 2017 795 2059 abiudicavit.

462 2131 501 2172 2.
565 2131 832 2172 Plutarchus
864 2131 1069 2173 versibus
1102 2132 1269 2186 allatiS,
1309 2147 1385 2174 cur
1417 2132 1554 2175 Solon
1584 2131 1875 2188 tyrannidem

319 2207 637 2262 recusavisset,
686 2207 801 2249 dixit
849 2209 900 2261 (c.
945 2209 1033 2261 17>:
1084 2201 1188 2247 ὅθεν
1226 2201 1421 2264 effetam„
1463 2202 1527 2248 ‹S'ca
1568 2205 1643 2248 καὶ
1676 2203 1764 2264 πρὸ
1797 2208 1874 2264 τῆς

323 2280 585 2335 venosi-8012&
621 2280 810 2340 μεγάλην
851 2280 980 2334 δόξαν
1017 2277 1136 2335 εἶχεν.
1189 2286 1272 2328 Vir
1305 2286 1461 2328 doctus
1495 2286 1732 2342 quaesivit,
1764 2300 1874 2328 num

320 2361 403 2403 hoc
435 2366 528 2403 tam
559 2363 809 2404 luculenter
841 2378 894 2404 ex
926 2363 996 2404 his
1025 2363 1230 2405 versibus
1253 2368 1500 2420 appareret.
1546 2362 1694 2405 Certe!
1729 2378 1752 2404 e
1773 2378 1873 2406 ver-

321 2437 442 2480 sibus
475 2443 624 2480 autem
656 2439 738 2481 hoc
772 2440 924 2495 colligi
955 2428 1224 2483 Plutarchus
1256 2441 1352 2496 ipse
1383 2440 1542 2482 noluit.
1585 2440 1702 2482 Nam
1732 2444 1874 2482 totam

320 2516 664 2571 praecedentem
701 2517 1006 2558 narrationem
1048 2518 1265 2574 respexit,
1315 2521 1361 2558 et
1406 2516 1600 2572 Pythiae
1646 2517 1873 2560 oraculum

321 2597 366 2634 et
397 2592 747 2635 Atheniensium
778 2595 1034 2636 voluntates
1069 2600 1113 2637 et
1144 2593 1434 2650 tyrannidem
1466 2593 1674 2636 oblatam.

320 2791 423 2826 sibus
448 2791 638 2826 insaniam
664 2792 812 2827 Solonis
838 2792 967 2828 fictam
1000 2805 1090 2831 esse.
1144 2794 1220 2830 Cur
1254 2798 1382 2829 autem
1407 2793 1458 2829 M.
1484 2792 1675 2838 Duncker,
1706 2793 1730 2828 l.
1755 2793 1779 2828 1.
1805 2792 1872 2838 VI,

320 2863 354 2895 p.
372 2851 440 2885 144
458 2855 493 2885 et
515 2851 562 2886 ib.
583 2856 724 2894 annot„
744 2852 808 2897 qui
825 2857 928 2888 recte
946 2866 1023 2888 non
1041 2854 1243 2898 dubitavit,
1271 2853 1361 2899 quin
1379 2865 1512 2888 versus
1529 2865 1569 2888 re
1587 2864 1678 2888 vera
1695 2864 1717 2887 a
1734 2851 1872 2887 Solone

321 2909 583 2954 recitarentur,
610 2911 690 2945 eius
717 2912 922 2946 amentiam
950 2917 1078 2958 aperte
1104 2912 1236 2947 fictam
1263 2924 1344 2947 esse
1371 2911 1619 2957 contenderit,
1645 2923 1723 2947 non
1747 2911 1870 2947 Video.
