<?xml version="1.0" encoding="UTF-8"?>
<!DOCTYPE html PUBLIC "-//W3C//DTD XHTML 1.0 Transitional//EN"
    "http://www.w3.org/TR/xhtml1/DTD/xhtml1-transitional.dtd">
<html xmlns="http://www.w3.org/1999/xhtml" xml:lang="en" lang="en">
 <head>
  <title>
</title>
<meta http-equiv="Content-Type" content="text/html;charset=utf-8" />
  <meta name='ocr-system' content='tesseract 3.04.00' />
  <meta name='ocr-capabilities' content='ocr_page ocr_carea ocr_par ocr_line ocrx_word'/>
</head>
<body>
  <div class='ocr_page' id='page_1' title='image "adsolonisaetatem00stetuoft_0019.png"; bbox 0 0 1960 3293; ppageno 0'>
   <div class='ocr_carea' id='block_1_1' title="bbox 814 181 926 244">
    <p class='ocr_par' dir='ltr' id='par_1_1' title="bbox 814 181 926 244">
     <span class='ocr_line' id='line_1_1' title="bbox 814 181 926 244; baseline -0.009 0"><span class='ocrx_word' id='word_1_1' title='bbox 814 181 926 244; x_wconf 65' lang='lat'><strong>„11</strong></span> 
     </span>
    </p>
   </div>
   <div class='ocr_carea' id='block_1_2' title="bbox 111 318 1664 614">
    <p class='ocr_par' dir='ltr' id='par_1_2' title="bbox 111 318 1664 614">
     <span class='ocr_line' id='line_1_2' title="bbox 111 318 1663 383; baseline -0.003 -14"><span class='ocrx_word' id='word_1_2' title='bbox 111 324 271 379; x_wconf 74' lang='lat' dir='ltr'><strong>seruit3</strong></span> <span class='ocrx_word' id='word_1_3' title='bbox 304 338 492 383; x_wconf 82' lang='lat' dir='ltr'><strong>quorum</strong></span> <span class='ocrx_word' id='word_1_4' title='bbox 529 328 716 381; x_wconf 85' lang='lat' dir='ltr'><strong>uterque</strong></span> <span class='ocrx_word' id='word_1_5' title='bbox 748 318 1090 376; x_wconf 75' lang='lat' dir='ltr'><strong>Periandrun11)</strong></span> <span class='ocrx_word' id='word_1_6' title='bbox 1127 321 1209 366; x_wconf 85' lang='lat' dir='ltr'><strong>hoe</strong></span> <span class='ocrx_word' id='word_1_7' title='bbox 1242 322 1489 379; x_wconf 68' lang='lat' dir='ltr'><strong>sapientiae</strong></span> <span class='ocrx_word' id='word_1_8' title='bbox 1520 321 1663 375; x_wconf 78' lang='lat' dir='ltr'><strong>gradu</strong></span> 
     </span>
     <span class='ocr_line' id='line_1_3' title="bbox 112 399 1663 458; baseline -0.004 -11"><span class='ocrx_word' id='word_1_9' title='bbox 112 401 332 447; x_wconf 75' lang='lat' dir='ltr'><strong>iudicavit</strong></span> <span class='ocrx_word' id='word_1_10' title='bbox 363 401 614 458; x_wconf 85' lang='lat' dir='ltr'><strong>indiguum.</strong></span> <span class='ocrx_word' id='word_1_11' title='bbox 669 401 728 444; x_wconf 85' lang='lat' dir='ltr'><strong>Et</strong></span> <span class='ocrx_word' id='word_1_12' title='bbox 751 406 846 444; x_wconf 81' lang='lat' dir='ltr'><strong>erat</strong></span> <span class='ocrx_word' id='word_1_13' title='bbox 877 403 1106 458; x_wconf 87' lang='lat' dir='ltr'><strong>proprium</strong></span> <span class='ocrx_word' id='word_1_14' title='bbox 1130 400 1334 443; x_wconf 67' lang='lat' dir='ltr'><strong>Platonis</strong></span> <span class='ocrx_word' id='word_1_15' title='bbox 1365 399 1527 441; x_wconf 81' lang='lat' dir='ltr'><strong>aetatis</strong></span> <span class='ocrx_word' id='word_1_16' title='bbox 1559 413 1663 441; x_wconf 80' lang='lat' dir='ltr'><strong>con·</strong></span> 
     </span>
     <span class='ocr_line' id='line_1_4' title="bbox 112 476 1663 538; baseline -0.004 -14"><span class='ocrx_word' id='word_1_17' title='bbox 112 479 270 538; x_wconf 66' lang='lat' dir='ltr'><strong>Fugere</strong></span> <span class='ocrx_word' id='word_1_18' title='bbox 315 485 393 524; x_wconf 83' lang='lat' dir='ltr'><strong>aut</strong></span> <span class='ocrx_word' id='word_1_19' title='bbox 428 478 485 523; x_wconf 76' lang='lat' dir='ltr'><strong>ad</strong></span> <span class='ocrx_word' id='word_1_20' title='bbox 524 478 832 533; x_wconf 68' lang='lat' dir='ltr'><strong>integritatem</strong></span> <span class='ocrx_word' id='word_1_21' title='bbox 871 478 1154 536; x_wconf 82' lang='lat' dir='ltr'><strong>populorum,</strong></span> <span class='ocrx_word' id='word_1_22' title='bbox 1188 477 1264 533; x_wconf 90' lang='lat' dir='ltr'><strong>qui</strong></span> <span class='ocrx_word' id='word_1_23' title='bbox 1297 476 1353 519; x_wconf 81' lang='lat' dir='ltr'><strong>ab</strong></span> <span class='ocrx_word' id='word_1_24' title='bbox 1384 476 1506 519; x_wconf 82' lang='lat' dir='ltr'><strong>omni</strong></span> <span class='ocrx_word' id='word_1_25' title='bbox 1539 476 1663 519; x_wconf 87' lang='lat' dir='ltr'><strong>cultu</strong></span> 
     </span>
     <span class='ocr_line' id='line_1_5' title="bbox 112 553 1664 614; baseline -0.003 -13"><span class='ocrx_word' id='word_1_26' title='bbox 112 556 327 614; x_wconf 80' lang='lat' dir='ltr'><strong>civilique</strong></span> <span class='ocrx_word' id='word_1_27' title='bbox 358 555 656 600; x_wconf 75' lang='lat' dir='ltr'><strong>abhorrebant</strong></span> <span class='ocrx_word' id='word_1_28' title='bbox 686 561 764 599; x_wconf 81' lang='lat' dir='ltr'><strong>aut</strong></span> <span class='ocrx_word' id='word_1_29' title='bbox 794 555 850 599; x_wconf 79' lang='lat' dir='ltr'><strong>ad</strong></span> <span class='ocrx_word' id='word_1_30' title='bbox 882 555 1219 613; x_wconf 74' lang='lat' dir='ltr'><strong>simplicitatem</strong></span> <span class='ocrx_word' id='word_1_31' title='bbox 1253 569 1418 607; x_wconf 82' lang='lat' dir='ltr'><strong>eorum,</strong></span> <span class='ocrx_word' id='word_1_32' title='bbox 1452 553 1530 610; x_wconf 87' lang='lat' dir='ltr'><strong>qui</strong></span> <span class='ocrx_word' id='word_1_33' title='bbox 1562 567 1664 596; x_wconf 79' lang='lat' dir='ltr'><strong>rura</strong></span> 
     </span>
    </p>
   </div>
   <div class='ocr_carea' id='block_1_3' title="bbox 111 633 1669 768">
    <p class='ocr_par' dir='ltr' id='par_1_3' title="bbox 111 633 1669 768">
     <span class='ocr_line' id='line_1_6' title="bbox 111 633 331 679; baseline -0.005 0"><span class='ocrx_word' id='word_1_34' title='bbox 111 633 331 679; x_wconf 77' lang='lat' dir='ltr'><strong>colebant.</strong></span> 
     </span>
     <span class='ocr_line' id='line_1_7' title="bbox 253 708 1669 768; baseline -0.004 -12"><span class='ocrx_word' id='word_1_35' title='bbox 253 711 321 756; x_wconf 83' lang='lat' dir='ltr'><strong>Ao</strong></span> <span class='ocrx_word' id='word_1_36' title='bbox 353 710 656 767; x_wconf 73' lang='lat' dir='ltr'><strong>fragmentum</strong></span> <span class='ocrx_word' id='word_1_37' title='bbox 680 710 863 768; x_wconf 88' lang='lat' dir='ltr'><strong>quidem</strong></span> <span class='ocrx_word' id='word_1_38' title='bbox 884 711 912 753; x_wconf 84' lang='lat'><strong>2</strong></span> <span class='ocrx_word' id='word_1_39' title='bbox 932 716 978 753; x_wconf 87' lang='lat' dir='ltr'><strong>et</strong></span> <span class='ocrx_word' id='word_1_40' title='bbox 1000 709 1158 766; x_wconf 71' lang='lat' dir='ltr'><strong>fragm.</strong></span> <span class='ocrx_word' id='word_1_41' title='bbox 1183 710 1253 763; x_wconf 85' lang='grc'><strong>26,</strong></span> <span class='ocrx_word' id='word_1_42' title='bbox 1277 710 1334 752; x_wconf 84' lang='grc'><strong>27</strong></span> <span class='ocrx_word' id='word_1_43' title='bbox 1357 715 1404 751; x_wconf 94' lang='lat' dir='ltr'><strong>et</strong></span> <span class='ocrx_word' id='word_1_44' title='bbox 1425 709 1525 762; x_wconf 60' lang='lat'><strong>324</strong></span> <span class='ocrx_word' id='word_1_45' title='bbox 1549 708 1669 751; x_wconf 86' lang='lat' dir='ltr'><strong>inter</strong></span> 
     </span>
    </p>
   </div>
   <div class='ocr_carea' id='block_1_4' title="bbox 111 785 1667 1312">
    <p class='ocr_par' dir='ltr' id='par_1_4' title="bbox 111 785 1667 1312">
     <span class='ocr_line' id='line_1_8' title="bbox 111 785 1666 847; baseline -0.004 -15"><span class='ocrx_word' id='word_1_46' title='bbox 111 802 160 832; x_wconf 85' lang='lat' dir='ltr'><strong>se</strong></span> <span class='ocrx_word' id='word_1_47' title='bbox 190 788 321 832; x_wconf 79' lang='lat' dir='ltr'><strong>valde</strong></span> <span class='ocrx_word' id='word_1_48' title='bbox 352 787 605 847; x_wconf 77' lang='lat' dir='ltr'><strong>discrepare</strong></span> <span class='ocrx_word' id='word_1_49' title='bbox 637 803 771 846; x_wconf 79' lang='lat' dir='ltr'><strong>supra</strong></span> <span class='ocrx_word' id='word_1_50' title='bbox 803 787 1176 831; x_wconf 79' lang='lat' dir='ltr'>demonstrabam.</span> <span class='ocrx_word' id='word_1_51' title='bbox 1241 787 1304 830; x_wconf 88' lang='lat' dir='ltr'><strong>At</strong></span> <span class='ocrx_word' id='word_1_52' title='bbox 1336 786 1468 830; x_wconf 81' lang='lat' dir='ltr'><strong>huius</strong></span> <span class='ocrx_word' id='word_1_53' title='bbox 1500 785 1666 828; x_wconf 89' lang='lat' dir='ltr'><strong>discre-</strong></span> 
     </span>
     <span class='ocr_line' id='line_1_9' title="bbox 111 863 1665 925; baseline -0.004 -14"><span class='ocrx_word' id='word_1_54' title='bbox 111 866 294 925; x_wconf 76' lang='lat' dir='ltr'><strong>pantiae</strong></span> <span class='ocrx_word' id='word_1_55' title='bbox 341 865 459 910; x_wconf 88' lang='lat' dir='ltr'><strong>idem</strong></span> <span class='ocrx_word' id='word_1_56' title='bbox 492 865 699 923; x_wconf 77' lang='lat' dir='ltr'><strong>Ephorus</strong></span> <span class='ocrx_word' id='word_1_57' title='bbox 746 871 901 909; x_wconf 82' lang='lat' dir='ltr'><strong>auctor</strong></span> <span class='ocrx_word' id='word_1_58' title='bbox 937 880 1035 907; x_wconf 89' lang='lat' dir='ltr'><strong>esse</strong></span> <span class='ocrx_word' id='word_1_59' title='bbox 1073 865 1233 923; x_wconf 90' lang='lat' dir='ltr'><strong>potuit.</strong></span> <span class='ocrx_word' id='word_1_60' title='bbox 1296 864 1418 907; x_wconf 82' lang='lat' dir='ltr'><strong>Duas</strong></span> <span class='ocrx_word' id='word_1_61' title='bbox 1451 863 1665 906; x_wconf 90' lang='lat' dir='ltr'><strong>nimirum</strong></span> 
     </span>
     <span class='ocr_line' id='line_1_10' title="bbox 111 940 1659 1001; baseline -0.004 -13"><span class='ocrx_word' id='word_1_62' title='bbox 111 942 168 988; x_wconf 87' lang='lat' dir='ltr'><strong>de</strong></span> <span class='ocrx_word' id='word_1_63' title='bbox 198 943 353 987; x_wconf 85' lang='lat' dir='ltr'><strong>eadem</strong></span> <span class='ocrx_word' id='word_1_64' title='bbox 398 958 445 987; x_wconf 89' lang='lat' dir='ltr'><strong>re</strong></span> <span class='ocrx_word' id='word_1_65' title='bbox 491 943 680 1001; x_wconf 89' lang='lat' dir='ltr'><strong>protulit</strong></span> <span class='ocrx_word' id='word_1_66' title='bbox 725 943 1017 998; x_wconf 81' lang='lat' dir='ltr'><strong>narrationes,</strong></span> <span class='ocrx_word' id='word_1_67' title='bbox 1067 944 1192 986; x_wconf 87' lang='lat' dir='ltr'><strong>velut</strong></span> <span class='ocrx_word' id='word_1_68' title='bbox 1237 941 1461 985; x_wconf 87' lang='lat' dir='ltr'><strong>Diodorus</strong></span> <span class='ocrx_word' id='word_1_69' title='bbox 1508 940 1659 998; x_wconf 84' lang='lat' dir='ltr'><strong>plures</strong></span> 
     </span>
     <span class='ocr_line' id='line_1_11' title="bbox 112 1017 1665 1078; baseline -0.005 -12"><span class='ocrx_word' id='word_1_70' title='bbox 112 1021 289 1066; x_wconf 73' lang='lat' dir='ltr'><strong>rettulit</strong></span> <span class='ocrx_word' id='word_1_71' title='bbox 339 1020 395 1064; x_wconf 90' lang='lat' dir='ltr'><strong>de</strong></span> <span class='ocrx_word' id='word_1_72' title='bbox 447 1021 623 1078; x_wconf 79' lang='lat' dir='ltr'><strong>tripode</strong></span> <span class='ocrx_word' id='word_1_73' title='bbox 677 1021 862 1064; x_wconf 82' lang='lat' dir='ltr'><strong>fabulas.</strong></span> <span class='ocrx_word' id='word_1_74' title='bbox 941 1020 1146 1064; x_wconf 78' lang='lat' dir='ltr'><strong>Diversis</strong></span> <span class='ocrx_word' id='word_1_75' title='bbox 1198 1025 1348 1063; x_wconf 89' lang='lat' dir='ltr'><strong>autem</strong></span> <span class='ocrx_word' id='word_1_76' title='bbox 1404 1019 1509 1062; x_wconf 91' lang='lat' dir='ltr'><strong>libri</strong></span> <span class='ocrx_word' id='word_1_77' title='bbox 1555 1017 1665 1061; x_wconf 81' lang='lat' dir='ltr'><strong>locis</strong></span> 
     </span>
     <span class='ocr_line' id='line_1_12' title="bbox 112 1095 1667 1155; baseline -0.004 -12"><span class='ocrx_word' id='word_1_78' title='bbox 112 1105 292 1143; x_wconf 78' lang='lat' dir='ltr'><strong>exarata</strong></span> <span class='ocrx_word' id='word_1_79' title='bbox 336 1104 443 1142; x_wconf 89' lang='lat' dir='ltr'><strong>sunt</strong></span> <span class='ocrx_word' id='word_1_80' title='bbox 494 1098 768 1155; x_wconf 80' lang='lat' dir='ltr'><strong>fragmenta,</strong></span> <span class='ocrx_word' id='word_1_81' title='bbox 821 1113 1007 1155; x_wconf 88' lang='lat' dir='ltr'><strong>quorum</strong></span> <span class='ocrx_word' id='word_1_82' title='bbox 1054 1099 1266 1152; x_wconf 84' lang='lat' dir='ltr'><strong>alterum,</strong></span> <span class='ocrx_word' id='word_1_83' title='bbox 1323 1097 1361 1139; x_wconf 74' lang='lat' dir='ltr'><strong>si</strong></span> <span class='ocrx_word' id='word_1_84' title='bbox 1409 1111 1499 1139; x_wconf 90' lang='lat' dir='ltr'><strong>nou</strong></span> <span class='ocrx_word' id='word_1_85' title='bbox 1547 1095 1667 1138; x_wconf 89' lang='lat' dir='ltr'><strong>tollit</strong></span> 
     </span>
     <span class='ocr_line' id='line_1_13' title="bbox 111 1172 1665 1234; baseline -0.004 -14"><span class='ocrx_word' id='word_1_86' title='bbox 111 1176 322 1230; x_wconf 80' lang='lat' dir='ltr'><strong>alterum,</strong></span> <span class='ocrx_word' id='word_1_87' title='bbox 370 1182 416 1219; x_wconf 84' lang='lat' dir='ltr'><strong>at</strong></span> <span class='ocrx_word' id='word_1_88' title='bbox 461 1176 602 1219; x_wconf 81' lang='lat' dir='ltr'><strong>efficit</strong></span> <span class='ocrx_word' id='word_1_89' title='bbox 648 1191 1044 1234; x_wconf 84' lang='lat' dir='ltr'><strong>supervacaneum.</strong></span> <span class='ocrx_word' id='word_1_90' title='bbox 1122 1176 1190 1219; x_wconf 87' lang='lat' dir='ltr'><strong>Ac</strong></span> <span class='ocrx_word' id='word_1_91' title='bbox 1243 1174 1359 1217; x_wconf 90' lang='lat' dir='ltr'><strong>nihil</strong></span> <span class='ocrx_word' id='word_1_92' title='bbox 1404 1179 1490 1228; x_wconf 86' lang='lat' dir='ltr'><strong>est,</strong></span> <span class='ocrx_word' id='word_1_93' title='bbox 1547 1172 1665 1230; x_wconf 85' lang='lat' dir='ltr'><strong>quod</strong></span> 
     </span>
     <span class='ocr_line' id='line_1_14' title="bbox 112 1252 1665 1312; baseline -0.003 -15"><span class='ocrx_word' id='word_1_94' title='bbox 112 1252 296 1312; x_wconf 81' lang='lat' dir='ltr'><strong>Ephoro</strong></span> <span class='ocrx_word' id='word_1_95' title='bbox 341 1253 455 1296; x_wconf 80' lang='lat' dir='ltr'><strong>tales</strong></span> <span class='ocrx_word' id='word_1_96' title='bbox 502 1254 827 1297; x_wconf 71' lang='lat' dir='ltr'><strong>substituamus</strong></span> <span class='ocrx_word' id='word_1_97' title='bbox 875 1254 1082 1311; x_wconf 78' lang='lat' dir='ltr'><strong>ineptias,</strong></span> <span class='ocrx_word' id='word_1_98' title='bbox 1161 1253 1524 1295; x_wconf 79' lang='lat' dir='ltr'><strong>Consentaneum</strong></span> <span class='ocrx_word' id='word_1_99' title='bbox 1558 1264 1665 1306; x_wconf 86' lang='lat' dir='ltr'><strong>ergo</strong></span> 
     </span>
    </p>
   </div>
   <div class='ocr_carea' id='block_1_5' title="bbox 14 1329 1666 1387">
    <p class='ocr_par' dir='ltr' id='par_1_5' title="bbox 14 1329 1666 1387">
     <span class='ocr_line' id='line_1_15' title="bbox 14 1329 1666 1387; baseline -0.002 -13"><span class='ocrx_word' id='word_1_100' title='bbox 14 1341 21 1348; x_wconf 85' lang='lat'><strong>·</strong></span> <span class='ocrx_word' id='word_1_101' title='bbox 73 1336 194 1385; x_wconf 73' lang='lat' dir='ltr'><strong>›est‚</strong></span> <span class='ocrx_word' id='word_1_102' title='bbox 242 1329 547 1387; x_wconf 75' lang='lat' dir='ltr'><strong>fragmentum</strong></span> <span class='ocrx_word' id='word_1_103' title='bbox 588 1332 615 1373; x_wconf 86' lang='lat'><strong>2</strong></span> <span class='ocrx_word' id='word_1_104' title='bbox 652 1347 678 1374; x_wconf 85' lang='lat' dir='ltr'><strong>a</strong></span> <span class='ocrx_word' id='word_1_105' title='bbox 725 1330 922 1374; x_wconf 88' lang='lat' dir='ltr'><strong>Diodoro</strong></span> <span class='ocrx_word' id='word_1_106' title='bbox 969 1330 1024 1374; x_wconf 82' lang='lat' dir='ltr'><strong>de</strong></span> <span class='ocrx_word' id='word_1_107' title='bbox 1072 1331 1160 1373; x_wconf 92' lang='lat' dir='ltr'><strong>alio</strong></span> <span class='ocrx_word' id='word_1_108' title='bbox 1207 1329 1520 1387; x_wconf 88' lang='lat' dir='ltr'><strong>depromptum</strong></span> <span class='ocrx_word' id='word_1_109' title='bbox 1568 1343 1666 1370; x_wconf 77' lang='lat' dir='ltr'><strong>esse</strong></span> 
     </span>
    </p>
   </div>
   <div class='ocr_carea' id='block_1_6' title="bbox 108 1408 1664 2317">
    <p class='ocr_par' dir='ltr' id='par_1_6' title="bbox 111 1408 648 1463">
     <span class='ocr_line' id='line_1_16' title="bbox 111 1408 648 1463; baseline -0.002 -11"><span class='ocrx_word' id='word_1_110' title='bbox 111 1411 304 1463; x_wconf 85' lang='lat' dir='ltr'><strong>auctore,</strong></span> <span class='ocrx_word' id='word_1_111' title='bbox 336 1422 385 1451; x_wconf 87' lang='lat' dir='ltr'><strong>ac</strong></span> <span class='ocrx_word' id='word_1_112' title='bbox 418 1408 471 1451; x_wconf 79' lang='lat' dir='ltr'><strong>fr.</strong></span> <span class='ocrx_word' id='word_1_113' title='bbox 505 1409 648 1453; x_wconf 68' lang='grc'>2728.</span> 
     </span>
    </p>

    <p class='ocr_par' dir='ltr' id='par_1_7' title="bbox 108 1483 1664 2317">
     <span class='ocr_line' id='line_1_17' title="bbox 250 1483 1664 1544; baseline -0.004 -14"><span class='ocrx_word' id='word_1_114' title='bbox 250 1485 537 1529; x_wconf 87' lang='lat' dir='ltr'><strong>Conventum</strong></span> <span class='ocrx_word' id='word_1_115' title='bbox 561 1485 742 1542; x_wconf 72' lang='lat' dir='ltr'><strong>quidem</strong></span> <span class='ocrx_word' id='word_1_116' title='bbox 765 1485 883 1544; x_wconf 83' lang='lat' dir='ltr'><strong>apud</strong></span> <span class='ocrx_word' id='word_1_117' title='bbox 905 1486 1119 1529; x_wconf 78' lang='lat' dir='ltr'><strong>Croesum</strong></span> <span class='ocrx_word' id='word_1_118' title='bbox 1142 1484 1360 1537; x_wconf 83' lang='lat' dir='ltr'><strong>habitum,</strong></span> <span class='ocrx_word' id='word_1_119' title='bbox 1390 1489 1441 1526; x_wconf 90' lang='lat' dir='ltr'><strong>ut</strong></span> <span class='ocrx_word' id='word_1_120' title='bbox 1472 1483 1664 1539; x_wconf 77' lang='lat' dir='ltr'><strong>legimus</strong></span> 
     </span>
     <span class='ocr_line' id='line_1_18' title="bbox 110 1560 1663 1621; baseline -0.003 -14"><span class='ocrx_word' id='word_1_121' title='bbox 110 1562 158 1607; x_wconf 86' lang='lat' dir='ltr'><strong>in</strong></span> <span class='ocrx_word' id='word_1_122' title='bbox 191 1560 216 1619; x_wconf 71' lang='grc' dir='ltr'>ξ</span> <span class='ocrx_word' id='word_1_123' title='bbox 248 1563 325 1617; x_wconf 81' lang='grc'><strong>26;</strong></span> <span class='ocrx_word' id='word_1_124' title='bbox 359 1563 414 1606; x_wconf 86' lang='grc'><strong>27</strong></span> <span class='ocrx_word' id='word_1_125' title='bbox 447 1562 688 1606; x_wconf 68' lang='lat' dir='ltr'><strong>manifesta</strong></span> <span class='ocrx_word' id='word_1_126' title='bbox 735 1578 840 1621; x_wconf 88' lang='lat' dir='ltr'><strong>prae</strong></span> <span class='ocrx_word' id='word_1_127' title='bbox 889 1579 936 1605; x_wconf 84' lang='lat' dir='ltr'><strong>se</strong></span> <span class='ocrx_word' id='word_1_128' title='bbox 976 1564 1091 1606; x_wconf 86' lang='lat' dir='ltr'><strong>ferre</strong></span> <span class='ocrx_word' id='word_1_129' title='bbox 1124 1562 1295 1620; x_wconf 87' lang='lat' dir='ltr'><strong>Ephori</strong></span> <span class='ocrx_word' id='word_1_130' title='bbox 1335 1562 1529 1617; x_wconf 79' lang='lat' dir='ltr'><strong>vestigia</strong></span> <span class='ocrx_word' id='word_1_131' title='bbox 1563 1575 1663 1604; x_wconf 88' lang='lat' dir='ltr'><strong>cum</strong></span> 
     </span>
     <span class='ocr_line' id='line_1_19' title="bbox 109 1638 1663 1698; baseline -0.002 -14"><span class='ocrx_word' id='word_1_132' title='bbox 109 1640 197 1684; x_wconf 79' lang='lat' dir='ltr'><strong>alia</strong></span> <span class='ocrx_word' id='word_1_133' title='bbox 226 1639 508 1694; x_wconf 76' lang='lat' dir='ltr'><strong>documenta,</strong></span> <span class='ocrx_word' id='word_1_134' title='bbox 557 1647 652 1683; x_wconf 88' lang='lat' dir='ltr'><strong>tum</strong></span> <span class='ocrx_word' id='word_1_135' title='bbox 685 1640 1008 1684; x_wconf 78' lang='lat' dir='ltr'><strong>Anacharsidis</strong></span> <span class='ocrx_word' id='word_1_136' title='bbox 1049 1640 1273 1698; x_wconf 84' lang='lat' dir='ltr'><strong>sapientia</strong></span> <span class='ocrx_word' id='word_1_137' title='bbox 1305 1640 1352 1682; x_wconf 91' lang='lat' dir='ltr'><strong>in</strong></span> <span class='ocrx_word' id='word_1_138' title='bbox 1384 1640 1455 1682; x_wconf 89' lang='lat' dir='ltr'><strong>his</strong></span> <span class='ocrx_word' id='word_1_139' title='bbox 1487 1638 1663 1696; x_wconf 81' lang='lat' dir='ltr'><strong>praedi-</strong></span> 
     </span>
     <span class='ocr_line' id='line_1_20' title="bbox 108 1715 1664 1776; baseline -0.001 -15"><span class='ocrx_word' id='word_1_140' title='bbox 108 1722 208 1761; x_wconf 79' lang='lat' dir='ltr'><strong>cata</strong></span> <span class='ocrx_word' id='word_1_141' title='bbox 238 1717 549 1761; x_wconf 76' lang='lat' dir='ltr'><strong>demonstrant</strong></span> <span class='ocrx_word' id='word_1_142' title='bbox 580 1717 653 1770; x_wconf 77' lang='lat' dir='ltr'><strong>(cf.</strong></span> <span class='ocrx_word' id='word_1_143' title='bbox 686 1733 818 1775; x_wconf 90' lang='lat' dir='ltr'><strong>supra</strong></span> <span class='ocrx_word' id='word_1_144' title='bbox 850 1734 893 1776; x_wconf 85' lang='lat' dir='ltr'><strong>p.</strong></span> <span class='ocrx_word' id='word_1_145' title='bbox 915 1719 974 1772; x_wconf 79' lang='grc' dir='ltr'><strong>ὅ).</strong></span> <span class='ocrx_word' id='word_1_146' title='bbox 1037 1719 1134 1762; x_wconf 87' lang='lat' dir='ltr'><strong>Hac</strong></span> <span class='ocrx_word' id='word_1_147' title='bbox 1166 1724 1317 1761; x_wconf 87' lang='lat' dir='ltr'><strong>autem</strong></span> <span class='ocrx_word' id='word_1_148' title='bbox 1350 1717 1397 1760; x_wconf 91' lang='lat' dir='ltr'><strong>in</strong></span> <span class='ocrx_word' id='word_1_149' title='bbox 1429 1722 1555 1774; x_wconf 86' lang='lat' dir='ltr'><strong>parte</strong></span> <span class='ocrx_word' id='word_1_150' title='bbox 1588 1715 1664 1759; x_wconf 85' lang='lat' dir='ltr'><strong>de-</strong></span> 
     </span>
     <span class='ocr_line' id='line_1_21' title="bbox 108 1793 1663 1851; baseline -0.002 -13"><span class='ocrx_word' id='word_1_151' title='bbox 108 1794 357 1838; x_wconf 80' lang='lat' dir='ltr'><strong>sideramus</strong></span> <span class='ocrx_word' id='word_1_152' title='bbox 390 1795 510 1839; x_wconf 82' lang='lat' dir='ltr'><strong>talia.</strong></span> <span class='ocrx_word' id='word_1_153' title='bbox 574 1795 664 1838; x_wconf 77' lang='lat' dir='ltr'><strong>Sed</strong></span> <span class='ocrx_word' id='word_1_154' title='bbox 696 1803 848 1838; x_wconf 73' lang='lat' dir='ltr'><strong>tamen</strong></span> <span class='ocrx_word' id='word_1_155' title='bbox 880 1795 1160 1839; x_wconf 75' lang='lat' dir='ltr'><strong>R.K1ueber</strong></span> <span class='ocrx_word' id='word_1_156' title='bbox 1192 1795 1448 1851; x_wconf 83' lang='lat' dir='ltr'><strong>fragmenta</strong></span> <span class='ocrx_word' id='word_1_157' title='bbox 1479 1795 1526 1845; x_wconf 80' lang='grc' dir='ltr'><strong>ῦ;</strong></span> <span class='ocrx_word' id='word_1_158' title='bbox 1559 1794 1608 1847; x_wconf 84' lang='grc'><strong>6;</strong></span> <span class='ocrx_word' id='word_1_159' title='bbox 1638 1793 1663 1835; x_wconf 86' lang='grc'><strong>7</strong></span> 
     </span>
     <span class='ocr_line' id='line_1_22' title="bbox 110 1870 1663 1931; baseline -0.003 -15"><span class='ocrx_word' id='word_1_160' title='bbox 110 1872 341 1930; x_wconf 88' lang='lat' dir='ltr'><strong>Ephorum</strong></span> <span class='ocrx_word' id='word_1_161' title='bbox 364 1872 586 1931; x_wconf 85' lang='lat' dir='ltr'><strong>respicere</strong></span> <span class='ocrx_word' id='word_1_162' title='bbox 608 1873 818 1930; x_wconf 84' lang='lat' dir='ltr'><strong>opinatus</strong></span> <span class='ocrx_word' id='word_1_163' title='bbox 840 1879 886 1915; x_wconf 89' lang='lat' dir='ltr'><strong>et</strong></span> <span class='ocrx_word' id='word_1_164' title='bbox 912 1873 968 1916; x_wconf 91' lang='lat' dir='ltr'><strong>ab</strong></span> <span class='ocrx_word' id='word_1_165' title='bbox 999 1873 1082 1916; x_wconf 86' lang='lat' dir='ltr'><strong>hoo</strong></span> <span class='ocrx_word' id='word_1_166' title='bbox 1114 1879 1160 1916; x_wconf 89' lang='lat' dir='ltr'><strong>et</strong></span> <span class='ocrx_word' id='word_1_167' title='bbox 1189 1888 1215 1915; x_wconf 84' lang='lat' dir='ltr'><strong>a</strong></span> <span class='ocrx_word' id='word_1_168' title='bbox 1237 1872 1435 1915; x_wconf 88' lang='lat' dir='ltr'><strong>Diodore</strong></span> <span class='ocrx_word' id='word_1_169' title='bbox 1457 1870 1663 1927; x_wconf 87' lang='lat' dir='ltr'><strong>Mysonis</strong></span> 
     </span>
     <span class='ocr_line' id='line_1_23' title="bbox 110 1948 1662 2007; baseline -0.002 -14"><span class='ocrx_word' id='word_1_170' title='bbox 110 1949 231 1993; x_wconf 87' lang='lat' dir='ltr'><strong>illius</strong></span> <span class='ocrx_word' id='word_1_171' title='bbox 263 1950 459 2007; x_wconf 89' lang='lat' dir='ltr'><strong>quidem,</strong></span> <span class='ocrx_word' id='word_1_172' title='bbox 491 1950 568 2007; x_wconf 88' lang='lat' dir='ltr'><strong>qui</strong></span> <span class='ocrx_word' id='word_1_173' title='bbox 601 1951 648 1993; x_wconf 91' lang='lat' dir='ltr'><strong>in</strong></span> <span class='ocrx_word' id='word_1_174' title='bbox 682 1950 751 1993; x_wconf 82' lang='lat' dir='ltr'><strong>his</strong></span> <span class='ocrx_word' id='word_1_175' title='bbox 780 1951 968 1993; x_wconf 80' lang='lat' dir='ltr'><strong>summis</strong></span> <span class='ocrx_word' id='word_1_176' title='bbox 1000 1950 1206 1994; x_wconf 84' lang='lat' dir='ltr'><strong>laudibus</strong></span> <span class='ocrx_word' id='word_1_177' title='bbox 1239 1950 1436 2002; x_wconf 81' lang='lat' dir='ltr'><strong>effertur,</strong></span> <span class='ocrx_word' id='word_1_178' title='bbox 1470 1948 1662 1991; x_wconf 88' lang='lat' dir='ltr'><strong>mentio-</strong></span> 
     </span>
     <span class='ocr_line' id='line_1_24' title="bbox 108 2026 1661 2085; baseline -0.003 -15"><span class='ocrx_word' id='word_1_179' title='bbox 108 2041 213 2070; x_wconf 86' lang='lat' dir='ltr'><strong>nem</strong></span> <span class='ocrx_word' id='word_1_180' title='bbox 244 2027 407 2070; x_wconf 81' lang='lat' dir='ltr'><strong>factam</strong></span> <span class='ocrx_word' id='word_1_181' title='bbox 440 2043 536 2070; x_wconf 85' lang='lat' dir='ltr'><strong>esse</strong></span> <span class='ocrx_word' id='word_1_182' title='bbox 559 2027 638 2071; x_wconf 82' lang='lat' dir='ltr'><strong>sed</strong></span> <span class='ocrx_word' id='word_1_183' title='bbox 670 2028 788 2071; x_wconf 85' lang='lat' dir='ltr'><strong>hunc</strong></span> <span class='ocrx_word' id='word_1_184' title='bbox 822 2028 876 2071; x_wconf 78' lang='lat' dir='ltr'><strong>ab</strong></span> <span class='ocrx_word' id='word_1_185' title='bbox 900 2035 1086 2084; x_wconf 81' lang='lat' dir='ltr'><strong>utroque</strong></span> <span class='ocrx_word' id='word_1_186' title='bbox 1120 2028 1167 2071; x_wconf 89' lang='lat' dir='ltr'><strong>in</strong></span> <span class='ocrx_word' id='word_1_187' title='bbox 1189 2032 1362 2085; x_wconf 80' lang='lat' dir='ltr'><strong>septem</strong></span> <span class='ocrx_word' id='word_1_188' title='bbox 1396 2026 1661 2083; x_wconf 81' lang='lat' dir='ltr'><strong>Sapientum</strong></span> 
     </span>
     <span class='ocr_line' id='line_1_25' title="bbox 109 2103 1662 2162; baseline -0.002 -14"><span class='ocrx_word' id='word_1_189' title='bbox 109 2118 295 2148; x_wconf 86' lang='lat' dir='ltr'><strong>numero</strong></span> <span class='ocrx_word' id='word_1_190' title='bbox 340 2104 544 2148; x_wconf 85' lang='lat' dir='ltr'><strong>habitum</strong></span> <span class='ocrx_word' id='word_1_191' title='bbox 591 2120 682 2148; x_wconf 90' lang='lat' dir='ltr'><strong>non</strong></span> <span class='ocrx_word' id='word_1_192' title='bbox 729 2120 825 2148; x_wconf 84' lang='lat' dir='ltr'><strong>esse</strong></span> <span class='ocrx_word' id='word_1_193' title='bbox 881 2106 1071 2162; x_wconf 84' lang='lat' dir='ltr'><strong>putavit.</strong></span> <span class='ocrx_word' id='word_1_194' title='bbox 1152 2104 1281 2156; x_wconf 84' lang='lat' dir='ltr'><strong>Quod</strong></span> <span class='ocrx_word' id='word_1_195' title='bbox 1327 2103 1384 2147; x_wconf 88' lang='lat' dir='ltr'><strong>ad</strong></span> <span class='ocrx_word' id='word_1_196' title='bbox 1431 2103 1662 2161; x_wconf 85' lang='lat' dir='ltr'><strong>Ephorum</strong></span> 
     </span>
     <span class='ocr_line' id='line_1_26' title="bbox 108 2179 1659 2240; baseline -0.001 -16"><span class='ocrx_word' id='word_1_197' title='bbox 108 2181 286 2235; x_wconf 82' lang='lat' dir='ltr'><strong>attinet,</strong></span> <span class='ocrx_word' id='word_1_198' title='bbox 334 2181 416 2224; x_wconf 85' lang='lat' dir='ltr'><strong>hoc</strong></span> <span class='ocrx_word' id='word_1_199' title='bbox 449 2197 473 2224; x_wconf 93' lang='lat' dir='ltr'><strong>e</strong></span> <span class='ocrx_word' id='word_1_200' title='bbox 505 2182 725 2239; x_wconf 83' lang='lat' dir='ltr'><strong>Diogenis</strong></span> <span class='ocrx_word' id='word_1_201' title='bbox 773 2182 1032 2225; x_wconf 85' lang='lat' dir='ltr'><strong>testimonio</strong></span> <span class='ocrx_word' id='word_1_202' title='bbox 1071 2197 1206 2240; x_wconf 87' lang='lat' dir='ltr'><strong>supra</strong></span> <span class='ocrx_word' id='word_1_203' title='bbox 1236 2182 1371 2225; x_wconf 74' lang='lat' dir='ltr'><strong>allato</strong></span> <span class='ocrx_word' id='word_1_204' title='bbox 1403 2179 1551 2224; x_wconf 87' lang='lat' dir='ltr'><strong>lucide</strong></span> <span class='ocrx_word' id='word_1_205' title='bbox 1583 2194 1659 2237; x_wconf 81' lang='lat' dir='ltr'><strong>ap·</strong></span> 
     </span>
     <span class='ocr_line' id='line_1_27' title="bbox 109 2256 1663 2317; baseline -0.002 -15"><span class='ocrx_word' id='word_1_206' title='bbox 109 2256 293 2317; x_wconf 70' lang='lat' dir='ltr'><strong>paret2).</strong></span> <span class='ocrx_word' id='word_1_207' title='bbox 347 2259 386 2302; x_wconf 84' lang='lat' dir='ltr'>E</span> <span class='ocrx_word' id='word_1_208' title='bbox 415 2259 602 2302; x_wconf 85' lang='lat' dir='ltr'><strong>Diodori</strong></span> <span class='ocrx_word' id='word_1_209' title='bbox 635 2267 784 2303; x_wconf 78' lang='lat' dir='ltr'><strong>autem</strong></span> <span class='ocrx_word' id='word_1_210' title='bbox 820 2260 1085 2316; x_wconf 80' lang='lat' dir='ltr'><strong>fragmentis</strong></span> <span class='ocrx_word' id='word_1_211' title='bbox 1118 2259 1250 2302; x_wconf 85' lang='lat' dir='ltr'><strong>modo</strong></span> <span class='ocrx_word' id='word_1_212' title='bbox 1283 2259 1366 2302; x_wconf 84' lang='lat' dir='ltr'><strong>hoc</strong></span> <span class='ocrx_word' id='word_1_213' title='bbox 1399 2258 1552 2314; x_wconf 76' lang='lat' dir='ltr'><strong>colligi</strong></span> <span class='ocrx_word' id='word_1_214' title='bbox 1585 2272 1663 2315; x_wconf 91' lang='lat' dir='ltr'><strong>po—</strong></span> 
     </span>
    </p>
   </div>
   <div class='ocr_carea' id='block_1_7' title="bbox 109 2354 295 2360">
    <p class='ocr_par' dir='ltr' id='par_1_8' title="bbox 109 2354 295 2360">
     <span class='ocr_line' id='line_1_28' title="bbox 109 2354 295 2360; baseline 0 0"><span class='ocrx_word' id='word_1_215' title='bbox 109 2354 295 2360; x_wconf 95' lang='lat' dir='ltr'><strong> </strong></span> 
     </span>
    </p>
   </div>
   <div class='ocr_carea' id='block_1_8' title="bbox 109 2411 1664 2815">
    <p class='ocr_par' dir='ltr' id='par_1_9' title="bbox 109 2411 1664 2815">
     <span class='ocr_line' id='line_1_29' title="bbox 253 2411 1663 2460; baseline -0.002 -12"><span class='ocrx_word' id='word_1_216' title='bbox 253 2411 287 2454; x_wconf 89' lang='lat'><strong>1)</strong></span> <span class='ocrx_word' id='word_1_217' title='bbox 312 2412 411 2448; x_wconf 85' lang='lat' dir='ltr'><strong>Sunt</strong></span> <span class='ocrx_word' id='word_1_218' title='bbox 445 2411 509 2458; x_wconf 91' lang='lat' dir='ltr'><strong>qui</strong></span> <span class='ocrx_word' id='word_1_219' title='bbox 547 2416 682 2459; x_wconf 85' lang='lat' dir='ltr'><strong>putent</strong></span> <span class='ocrx_word' id='word_1_220' title='bbox 720 2411 868 2455; x_wconf 70' lang='lat' dir='ltr'><strong>‹Ze-ller,</strong></span> <span class='ocrx_word' id='word_1_221' title='bbox 909 2411 1153 2460; x_wconf 77' lang='lat' dir='ltr'><strong>philosophie</strong></span> <span class='ocrx_word' id='word_1_222' title='bbox 1190 2411 1258 2448; x_wconf 87' lang='lat' dir='ltr'><strong>der</strong></span> <span class='ocrx_word' id='word_1_223' title='bbox 1295 2411 1497 2449; x_wconf 78' lang='lat' dir='ltr'><strong>Griechen.</strong></span> <span class='ocrx_word' id='word_1_224' title='bbox 1535 2423 1569 2458; x_wconf 88' lang='lat' dir='ltr'><strong>p.</strong></span> <span class='ocrx_word' id='word_1_225' title='bbox 1602 2412 1663 2446; x_wconf 74' lang='grc'><strong>91)</strong></span> 
     </span>
     <span class='ocr_line' id='line_1_30' title="bbox 109 2469 1662 2518; baseline -0.001 -12"><span class='ocrx_word' id='word_1_226' title='bbox 109 2469 361 2507; x_wconf 71' lang='grc' dir='ltr'>Ροτίιυᾶωιῐι</span> <span class='ocrx_word' id='word_1_227' title='bbox 394 2471 495 2518; x_wconf 76' lang='lat' dir='ltr'><strong>apud</strong></span> <span class='ocrx_word' id='word_1_228' title='bbox 529 2471 779 2507; x_wconf 75' lang='lat' dir='ltr'><strong>Plutarchum</strong></span> <span class='ocrx_word' id='word_1_229' title='bbox 812 2484 961 2518; x_wconf 78' lang='lat' dir='ltr'><strong>quoque</strong></span> <span class='ocrx_word' id='word_1_230' title='bbox 994 2472 1032 2508; x_wconf 91' lang='lat' dir='ltr'><strong>in</strong></span> <span class='ocrx_word' id='word_1_231' title='bbox 1067 2471 1242 2507; x_wconf 77' lang='lat' dir='ltr'><strong>convivio</strong></span> <span class='ocrx_word' id='word_1_232' title='bbox 1268 2478 1413 2516; x_wconf 74' lang='lat' dir='ltr'><strong>septem</strong></span> <span class='ocrx_word' id='word_1_233' title='bbox 1439 2470 1662 2517; x_wconf 72' lang='lat' dir='ltr'><strong>Sapientum</strong></span> 
     </span>
     <span class='ocr_line' id='line_1_31' title="bbox 110 2528 1662 2578; baseline -0.001 -13"><span class='ocrx_word' id='word_1_234' title='bbox 110 2528 171 2565; x_wconf 84' lang='lat' dir='ltr'><strong>his</strong></span> <span class='ocrx_word' id='word_1_235' title='bbox 194 2529 447 2567; x_wconf 67' lang='lat' dir='ltr'><strong>adnumerari.</strong></span> <span class='ocrx_word' id='word_1_236' title='bbox 497 2531 609 2577; x_wconf 77' lang='lat' dir='ltr'><strong>Apud</strong></span> <span class='ocrx_word' id='word_1_237' title='bbox 638 2531 737 2566; x_wconf 87' lang='lat' dir='ltr'><strong>hunc</strong></span> <span class='ocrx_word' id='word_1_238' title='bbox 764 2535 892 2567; x_wconf 81' lang='lat' dir='ltr'><strong>autem</strong></span> <span class='ocrx_word' id='word_1_239' title='bbox 920 2537 1109 2578; x_wconf 79' lang='lat' dir='ltr'><strong>tyrannus</strong></span> <span class='ocrx_word' id='word_1_240' title='bbox 1134 2531 1247 2567; x_wconf 87' lang='lat' dir='ltr'><strong>modo</strong></span> <span class='ocrx_word' id='word_1_241' title='bbox 1272 2530 1439 2566; x_wconf 74' lang='lat' dir='ltr'><strong>convivii</strong></span> <span class='ocrx_word' id='word_1_242' title='bbox 1465 2535 1573 2577; x_wconf 74' lang='lat' dir='ltr'><strong>pater</strong></span> <span class='ocrx_word' id='word_1_243' title='bbox 1593 2534 1662 2570; x_wconf 80' lang='lat' dir='ltr'><strong>est,</strong></span> 
     </span>
     <span class='ocr_line' id='line_1_32' title="bbox 110 2589 1663 2637; baseline 0.001 -14"><span class='ocrx_word' id='word_1_244' title='bbox 110 2599 231 2635; x_wconf 80' lang='lat' dir='ltr'><strong>neque</strong></span> <span class='ocrx_word' id='word_1_245' title='bbox 254 2595 400 2637; x_wconf 76' lang='lat' dir='ltr'><strong>septem</strong></span> <span class='ocrx_word' id='word_1_246' title='bbox 425 2589 668 2637; x_wconf 56' lang='lat' dir='ltr'><strong>Sapit-nribus</strong></span> <span class='ocrx_word' id='word_1_247' title='bbox 692 2596 938 2637; x_wconf 65' lang='lat' dir='ltr'><strong>aggregatur.</strong></span> <span class='ocrx_word' id='word_1_248' title='bbox 989 2590 1114 2626; x_wconf 73' lang='lat' dir='ltr'><strong>Huius</strong></span> <span class='ocrx_word' id='word_1_249' title='bbox 1146 2590 1246 2627; x_wconf 84' lang='lat' dir='ltr'><strong>enim</strong></span> <span class='ocrx_word' id='word_1_250' title='bbox 1278 2591 1403 2626; x_wconf 88' lang='lat' dir='ltr'><strong>locum</strong></span> <span class='ocrx_word' id='word_1_251' title='bbox 1430 2589 1663 2625; x_wconf 74' lang='lat' dir='ltr'><strong>Anacharsis</strong></span> 
     </span>
     <span class='ocr_line' id='line_1_33' title="bbox 110 2647 1664 2697; baseline 0 -14"><span class='ocrx_word' id='word_1_252' title='bbox 110 2647 320 2684; x_wconf 75' lang='lat' dir='ltr'><strong>obtinuisse</strong></span> <span class='ocrx_word' id='word_1_253' title='bbox 351 2648 537 2685; x_wconf 75' lang='lat' dir='ltr'><strong>videatur.</strong></span> <span class='ocrx_word' id='word_1_254' title='bbox 600 2650 683 2684; x_wconf 84' lang='lat' dir='ltr'><strong>Hoc</strong></span> <span class='ocrx_word' id='word_1_255' title='bbox 709 2662 754 2685; x_wconf 77' lang='lat' dir='ltr'><strong>ex</strong></span> <span class='ocrx_word' id='word_1_256' title='bbox 782 2649 836 2685; x_wconf 74' lang='lat' dir='ltr'><strong>eis</strong></span> <span class='ocrx_word' id='word_1_257' title='bbox 861 2649 1102 2697; x_wconf 80' lang='lat' dir='ltr'><strong>potissimum</strong></span> <span class='ocrx_word' id='word_1_258' title='bbox 1128 2650 1221 2686; x_wconf 70' lang='lat' dir='ltr'><strong>loris</strong></span> <span class='ocrx_word' id='word_1_259' title='bbox 1247 2650 1489 2697; x_wconf 74' lang='lat' dir='ltr'><strong>perspicitur,</strong></span> <span class='ocrx_word' id='word_1_260' title='bbox 1526 2648 1664 2695; x_wconf 79' lang='lat' dir='ltr'><strong>quibus</strong></span> 
     </span>
     <span class='ocr_line' id='line_1_34' title="bbox 110 2706 1660 2757; baseline 0.001 -15"><span class='ocrx_word' id='word_1_261' title='bbox 110 2706 302 2754; x_wconf 71' lang='lat' dir='ltr'><strong>sapientes</strong></span> <span class='ocrx_word' id='word_1_262' title='bbox 337 2707 514 2756; x_wconf 81' lang='lat' dir='ltr'><strong>deinceps</strong></span> <span class='ocrx_word' id='word_1_263' title='bbox 551 2708 674 2744; x_wconf 78' lang='lat' dir='ltr'><strong>facete</strong></span> <span class='ocrx_word' id='word_1_264' title='bbox 711 2708 812 2744; x_wconf 78' lang='lat' dir='ltr'><strong>dicta</strong></span> <span class='ocrx_word' id='word_1_265' title='bbox 850 2709 1060 2755; x_wconf 79' lang='lat' dir='ltr'><strong>proferunt.</strong></span> <span class='ocrx_word' id='word_1_266' title='bbox 1123 2710 1202 2746; x_wconf 84' lang='lat' dir='ltr'><strong>Csr.</strong></span> <span class='ocrx_word' id='word_1_267' title='bbox 1229 2722 1260 2744; x_wconf 90' lang='lat' dir='ltr'><strong>c.</strong></span> <span class='ocrx_word' id='word_1_268' title='bbox 1287 2710 1307 2744; x_wconf 71' lang='lat' dir='ltr'><strong>&#39;a&#39;</strong></span> <span class='ocrx_word' id='word_1_269' title='bbox 1336 2721 1369 2757; x_wconf 89' lang='lat' dir='ltr'><strong>p.</strong></span> <span class='ocrx_word' id='word_1_270' title='bbox 1399 2709 1464 2744; x_wconf 76' lang='lat'><strong>151</strong></span> <span class='ocrx_word' id='word_1_271' title='bbox 1491 2708 1534 2751; x_wconf 82' lang='lat' dir='ltr'><strong>E,</strong></span> <span class='ocrx_word' id='word_1_272' title='bbox 1560 2721 1591 2743; x_wconf 78' lang='lat' dir='ltr'><strong>c.</strong></span> <span class='ocrx_word' id='word_1_273' title='bbox 1621 2709 1660 2743; x_wconf 89' lang='lat'><strong>11</strong></span> 
     </span>
     <span class='ocr_line' id='line_1_35' title="bbox 111 2766 946 2815; baseline 0.004 -14"><span class='ocrx_word' id='word_1_274' title='bbox 111 2777 147 2813; x_wconf 82' lang='lat' dir='ltr'><strong>p.</strong></span> <span class='ocrx_word' id='word_1_275' title='bbox 176 2766 242 2802; x_wconf 73' lang='lat'><strong>154</strong></span> <span class='ocrx_word' id='word_1_276' title='bbox 268 2766 379 2803; x_wconf 70' lang='lat'><strong>123—1&#39;</strong></span> <span class='ocrx_word' id='word_1_277' title='bbox 404 2772 442 2802; x_wconf 83' lang='lat' dir='ltr'><strong>et</strong></span> <span class='ocrx_word' id='word_1_278' title='bbox 467 2780 497 2804; x_wconf 87' lang='lat' dir='ltr'><strong>c.</strong></span> <span class='ocrx_word' id='word_1_279' title='bbox 527 2769 570 2803; x_wconf 82' lang='lat'><strong>12</strong></span> <span class='ocrx_word' id='word_1_280' title='bbox 596 2779 629 2814; x_wconf 91' lang='lat' dir='ltr'><strong>p.</strong></span> <span class='ocrx_word' id='word_1_281' title='bbox 662 2769 726 2803; x_wconf 71' lang='lat'><strong>155</strong></span> <span class='ocrx_word' id='word_1_282' title='bbox 752 2769 796 2804; x_wconf 74' lang='lat' dir='ltr'><strong>A.</strong></span> <span class='ocrx_word' id='word_1_283' title='bbox 824 2768 865 2803; x_wconf 88' lang='lat' dir='ltr'><strong>B.</strong></span> <span class='ocrx_word' id='word_1_284' title='bbox 892 2780 946 2815; x_wconf 81' lang='lat' dir='ltr'><strong>sq.</strong></span> 
     </span>
    </p>
   </div>
   <div class='ocr_carea' id='block_1_9' title="bbox 112 2835 1663 3005">
    <p class='ocr_par' dir='ltr' id='par_1_10' title="bbox 112 2835 1663 3005">
     <span class='ocr_line' id='line_1_36' title="bbox 253 2835 1663 2884; baseline -0.001 -11"><span class='ocrx_word' id='word_1_285' title='bbox 253 2840 291 2874; x_wconf 69' lang='lat'><strong>2&gt;</strong></span> <span class='ocrx_word' id='word_1_286' title='bbox 318 2837 422 2873; x_wconf 74' lang='lat' dir='ltr'><strong>Haec</strong></span> <span class='ocrx_word' id='word_1_287' title='bbox 446 2843 575 2874; x_wconf 67' lang='lat' dir='ltr'><strong>nuttam</strong></span> <span class='ocrx_word' id='word_1_288' title='bbox 600 2844 687 2874; x_wconf 74' lang='lat' dir='ltr'><strong>sunt</strong></span> <span class='ocrx_word' id='word_1_289' title='bbox 721 2838 834 2874; x_wconf 72' lang='lat' dir='ltr'><strong>huius</strong></span> <span class='ocrx_word' id='word_1_290' title='bbox 860 2838 975 2875; x_wconf 78' lang='lat' dir='ltr'><strong>verba</strong></span> <span class='ocrx_word' id='word_1_291' title='bbox 994 2840 1041 2882; x_wconf 80' lang='lat'><strong>(1,</strong></span> <span class='ocrx_word' id='word_1_292' title='bbox 1058 2841 1140 2876; x_wconf 48' lang='lat'><strong>41³:</strong></span> <span class='ocrx_word' id='word_1_293' title='bbox 1171 2836 1322 2874; x_wconf 70' lang='grc' dir='ltr'><em>Πλιὶιων</em></span> <span class='ocrx_word' id='word_1_294' title='bbox 1339 2839 1415 2872; x_wconf 68' lang='grc' dir='ltr'><strong>δ’ἐν</strong></span> <span class='ocrx_word' id='word_1_295' title='bbox 1437 2835 1663 2884; x_wconf 64' lang='grc' dir='ltr'><strong>ΙΙρωηεγόρᾳ</strong></span> 
     </span>
     <span class='ocr_line' id='line_1_37' title="bbox 114 2890 1662 2944; baseline 0.003 -14"><span class='ocrx_word' id='word_1_296' title='bbox 114 2890 281 2930; x_wconf 73' lang='grc' dir='ltr'><em>Μῦσωνσι</em></span> <span class='ocrx_word' id='word_1_297' title='bbox 308 2891 385 2931; x_wconf 60' lang='grc' dir='ltr'><strong>ἀντὶ</strong></span> <span class='ocrx_word' id='word_1_298' title='bbox 418 2893 664 2943; x_wconf 69' lang='grc' dir='ltr'><strong>Περιάνδρου·</strong></span> <span class='ocrx_word' id='word_1_299' title='bbox 689 2894 869 2943; x_wconf 62' lang='grc' dir='ltr'><strong>Ἰησμιρος</strong></span> <span class='ocrx_word' id='word_1_300' title='bbox 895 2897 935 2933; x_wconf 65' lang='grc' dir='ltr'><strong>δὲ</strong></span> <span class='ocrx_word' id='word_1_301' title='bbox 963 2894 1040 2933; x_wconf 74' lang='lat' dir='ltr'><strong>c&#39;wrl</strong></span> <span class='ocrx_word' id='word_1_302' title='bbox 1072 2894 1255 2936; x_wconf 60' lang='grc' dir='ltr'><em>Μιῖσωνος</em></span> <span class='ocrx_word' id='word_1_303' title='bbox 1278 2895 1501 2944; x_wconf 66' lang='grc' dir='ltr'><strong>Ἀνάχαρσιν.</strong></span> <span class='ocrx_word' id='word_1_304' title='bbox 1546 2899 1662 2934; x_wconf 63' lang='lat' dir='ltr'><strong>Kino-</strong></span> 
     </span>
     <span class='ocr_line' id='line_1_38' title="bbox 112 2953 1663 3005; baseline 0.002 -15"><span class='ocrx_word' id='word_1_305' title='bbox 112 2953 224 2990; x_wconf 82' lang='lat' dir='ltr'><strong>berus</strong></span> <span class='ocrx_word' id='word_1_306' title='bbox 254 2967 340 2992; x_wconf 86' lang='lat' dir='ltr'><strong>cnm</strong></span> <span class='ocrx_word' id='word_1_307' title='bbox 373 2955 524 2993; x_wconf 74' lang='lat' dir='ltr'><strong>infirma</strong></span> <span class='ocrx_word' id='word_1_308' title='bbox 555 2968 635 2993; x_wconf 77' lang='lat' dir='ltr'><strong>esse</strong></span> <span class='ocrx_word' id='word_1_309' title='bbox 661 2957 913 3004; x_wconf 61' lang='lat' dir='ltr'><strong>perspexisset</strong></span> <span class='ocrx_word' id='word_1_310' title='bbox 939 2969 1008 2994; x_wconf 83' lang='lat' dir='ltr'><strong>sua</strong></span> <span class='ocrx_word' id='word_1_311' title='bbox 1033 2964 1274 3005; x_wconf 76' lang='lat' dir='ltr'><strong>argumenta,</strong></span> <span class='ocrx_word' id='word_1_312' title='bbox 1302 2958 1510 3003; x_wconf 68' lang='lat' dir='ltr'><strong>Diogenem</strong></span> <span class='ocrx_word' id='word_1_313' title='bbox 1536 2970 1663 2993; x_wconf 77' lang='lat' dir='ltr'><strong>errore</strong></span> 
     </span>
    </p>
   </div>
  </div>
 </body>
</html>
