1960 3293
1028 184 1084 224 38

284 327 700 370 commemoravisse
731 325 929 380 videtur,
969 324 1087 380 quod
1118 325 1195 366 ille
1227 339 1325 367 sese
1356 340 1382 366 a
1412 325 1663 382 Hermippo
1674 321 1708 380 1)
1746 324 1836 368 dis-

283 404 450 447 sentire
497 406 752 460 exponeret.
815 402 967 457 Atque
1006 417 1028 443 e
1066 402 1271 444 versibus
1309 402 1363 444 ab
1400 406 1592 458 utroque
1627 401 1836 458 laudatis,

280 486 331 524 ut
384 496 518 538 supra
570 479 900 534 demonstravi,
955 479 1228 536 perspicitur
1277 479 1527 522 Diodorum
1579 494 1634 521 ex
1680 479 1837 522 eodem

281 558 475 615 pendere
508 561 686 600 auctore
720 571 805 612 quo
839 556 1124 599 Sosicratem.

424 634 513 677 Sed
543 639 594 676 111
626 634 790 688 dicam,
831 633 949 689 quod
987 634 1152 688 sentio,
1193 649 1339 690 neque
1371 638 1523 676 tamen
1561 634 1670 676 satis
1703 633 1837 677 certis

280 713 559 768 argument-is
593 711 898 753 demonstrare
930 726 1131 767 possum,
1173 727 1198 754 a
1229 712 1428 754 Diodoro
1460 711 1633 754 fabulas
1666 715 1837 768 septem

280 789 546 846 Sapientum
581 804 634 830 ex
665 788 915 844 Hermippo
953 788 1135 830 haustas
1176 804 1272 831 esse
1309 793 1431 846 puto.
1495 788 1559 831 At
1604 788 1838 831 Plutarchi

279 867 327 908 in
360 866 537 909 Solonis
576 866 672 907 vita
708 865 906 907 narratio
945 864 999 906 (16
1038 870 1210 921 septem
1248 866 1339 908 illis
1379 871 1423 908 et
1461 865 1516 908 de
1549 865 1704 908 Croesi
1736 881 1838 908 cum

279 944 442 986 Solone
475 943 713 998 colloquio,
756 942 861 984 huic
899 942 1102 998 opinioni
1142 943 1409 985 documenta
1440 959 1532 986 non
1564 943 1836 1000 suppeditat.

278 1022 379 1063 Duo
418 1025 566 1063 61116111
605 1024 760 1062 extant
797 1019 1039 1076 Hermippi
1071 1020 1125 1062 de
1158 1021 1319 1064 Solone
1357 1021 1474 1063 libri.
1537 1019 1748 1062 Alterum
1781 1020 1836 1062 de

279 1102 451 1154 septem
491 1097 800 1154 Sapientibus,
850 1097 903 1138 (16
942 1097 1276 1153 legislatoribus
1314 1098 1517 1140 alterum.
1593 1099 1692 1140 Hoc
1731 1113 1836 1154 ergo

278 1175 560 1230 Plutarchus,
594 1174 818 1217 Diodorus
851 1175 964 1216 illud
996 1175 1213 1217 asciscere
1245 1176 1406 1232 potuit.
1462 1175 1690 1218 Nimirum
1720 1176 1836 1218 Her-

278 1254 457 1309 mippus
491 1252 537 1293 in
570 1257 757 1307 utroque
791 1252 922 1294 aliter
953 1252 1128 1295 fabulas
1161 1253 1406 1309 explicavit
1438 1257 1515 1295 6111
1547 1257 1667 1295 certe
1688 1253 1838 1309 potuit

279 1330 514 1386 explicare,

419 1408 510 1449 Res
542 1411 645 1448 utut
677 1421 723 1448 se
756 1405 904 1461 habet,
936 1406 1019 1448 1100
1052 1407 1340 1463 perspicuum
1372 1406 1466 1449 fore
1499 1421 1640 1464 spero,
1674 1422 1700 1449 a
1726 1407 1835 1449 Dio-

278 1483 384 1526 doro
415 1484 580 1527 librum
612 1499 781 1526 nonum
809 1484 980 1526 duobus
1004 1499 1026 1525 6
1050 1483 1251 1526 fontibus
1274 1484 1485 1527 haustum
1509 1499 1617 1526 esse.
1661 1485 1836 1527 Horum

277 1561 390 1602 alter
421 1561 647 1617 Ephorus,
697 1562 810 1603 alter
849 1566 1002 1603 auctor
1033 1561 1387 1615 Alexandrinus,
1438 1562 1516 1617 qui
1553 1577 1578 1604 a
1610 1561 1835 1604 Sosicrate

277 1639 438 1681 allatus
472 1643 517 1681 et
548 1639 777 1681 nonnullis
809 1639 919 1681 locis
953 1638 1212 1682 confutatus
1247 1643 1326 1694 est,
1360 1638 1541 1681 videtur
1572 1637 1724 1681 fuisse.

819 1840 1006 1889 Pars
1052 1841 1287 1889 altera.

438 1982 552 2037 Cur
591 1982 764 2037 Solon
803 1982 1160 2037 Salaminius
1200 1983 1534 2050 appellatus
1575 1983 1669 2037 sit.

417 2150 605 2192 Diodori
644 2151 738 2205 (IX,
776 2149 818 2205 1)
857 2167 880 2193 6
918 2151 1179 2194 testimonio
1219 2151 1356 2193 Solon
1403 2150 1491 2192 fuit
1539 2145 1710 2205 πατρὸς
1755 2147 1834 2202 μὲν

273 2220 568 2282 Ἐξηκεσῑίὸοι·
601 2224 647 2267 ἓν,
671 2226 916 2279 Σαλαμῖνος
948 2229 1023 2284 τῆς
1042 2222 1256 2284 Ἀττικῆς.
1299 2228 1427 2270 Ῑ(1601
1457 2227 1597 2270 refert
1624 2228 1832 2270 Laertius

274 2305 502 2360 Diogenes
550 2303 602 2359 (Ι,
635 2307 692 2347 45
734 2305 788 2348 cf.
822 2307 856 2361 1,
890 2304 985 2359 49):
1034 2306 1108 2361 τῆς
1154 2301 1369 2359 πατρίδος
1417 2297 1547 2344 αὐτοῦ
1587 2302 1832 2356 Σαλαμῖνος

276 2374 704 2437 ἆμᾳίσβητοιχιιείἠς,-
737 2383 819 2424 hac
852 2399 906 2424 ex
938 2383 1151 2439 opinione
1183 2383 1471 2439 epigramma,
1511 2382 1628 2437 quod
1658 2372 1832 2424 statuae

276 2459 453 2500 Solonis
506 2459 776 2515 inscriptum
829 2475 924 2502 esse
977 2461 1227 2514 dicebatur,
1282 2459 1485 2501 manavit
1536 2457 1610 2513 (cf.
1658 2459 1695 2514 I,
1744 2458 1829 2510 62).

274 2535 542 2577 Plutarchus
581 2541 730 2577 autem
768 2537 852 2578 hoc
890 2542 1042 2579 utrum
1082 2538 1283 2579 consulto
1316 2551 1373 2578 611
1404 2536 1690 2592 negligenter
1721 2535 1831 2578 omi-

276 2613 397 2667 serit,
430 2627 509 2668 pro
542 2618 662 2655 certo
686 2613 776 2655 dici
797 2629 888 2656 non
910 2619 1071 2670 potest,
1105 2613 1161 2656 cf.
1185 2613 1303 2655 infra
1324 2629 1366 2670 p.
1389 2613 1447 2655 40
1469 2629 1571 2655 ann.
1597 2614 1636 2655 3.
1688 2613 1831 2664 Quae-

276 2689 405 2744 ritur,
440 2704 525 2744 quo
559 2689 655 2731 iure
688 2690 825 2732 Solon
859 2691 1112 2733 8616011003
1146 2691 1394 2747 appellatus
1427 2690 1498 2731 sit.

419 2894 452 2939 1)
478 2895 647 2941 Apparet
675 2908 694 2930 e
720 2896 891 2942 Diogene
918 2896 963 2942 (Ι,
991 2896 1073 2942 101)
1093 2896 1321 2932 Sosicratem
1346 2895 1549 2942 Hermippi
1566 2895 1612 2930 de
1629 2895 1826 2930 Anachar—

275 2952 355 2988 side
380 2954 638 2989 narrationem
664 2955 711 2989 ad
738 2962 884 2990 certum
909 2968 1052 2990 60011111
1078 2955 1326 2991 revocavisse.
