1960 3293
1022 169 1080 209 24

269 314 397 356 illum
457 327 534 368 pro
595 311 808 367 genuinis
859 310 1128 353 lectionibus
1194 310 1344 366 posita
1413 314 1548 365 sunt,
1609 309 1824 353 videntur

268 389 463 432 fluxisse.
555 389 657 430 Huc
704 387 817 429 illud
858 391 1050 443 spectat,
1110 386 1230 442 quod
1277 386 1397 444 apud
1442 387 1697 443 Diogenem
1743 402 1823 444 pro

269 462 448 505 πέλεται
502 464 562 519 (V.
606 464 646 516 1)
704 459 887 516 γίγιέῑαι
903 459 950 518 1),
1003 478 1083 520 pro
1151 458 1362 519 αἶόρεὶῃὲ)
1429 456 1572 518 ἷιίὂρις
1629 458 1711 503 ἐών
1769 479 1824 506 ex

268 543 464 585 Homero
489 541 601 583 illud
633 540 814 596 quidem
845 545 1016 595 notum,
1050 540 1269 596 scriptum
1289 541 1510 583 videmus.
1552 541 1681 583 Idem
1703 540 1825 584 enim

269 619 317 661 in
363 605 521 673 altero,
569 617 687 673 quod
733 617 952 660 traditum
1000 621 1085 672 est,
1135 617 1190 659 de
1226 618 1404 674 tripode
1443 619 1619 660 oraculo
1656 633 1736 674 pro
1777 614 1825 658 ἐκ

267 692 428 747 μέσσοι·
462 720 515 723 -
550 691 596 733 ἐκ
628 688 789 742 πόλιος
825 709 905 751 pro
945 684 991 741 ὃς
1023 689 1161 749 σοφίᾳ
1200 689 1253 734 τά
1290 689 1456 734 τ’ἔονῑα
1494 689 1548 734 τὰ
1590 689 1825 747 τὲσσόμενα

267 768 556 826 προὸέὸορκεν
610 786 663 813 ex
716 771 944 827 epicorum
990 770 1182 813 formula
1236 771 1332 824 (cfr.
1382 772 1489 814 Hes.
1543 772 1713 828 Theog.
1768 773 1825 815 38

268 849 376 891 Ilias
408 848 462 903 A,
498 846 572 902 70)
607 839 653 896 ὃς
692 842 880 903 δεδάηκα
917 842 967 886 τὰ
1003 840 1143 887 τ’ῧιτα
1178 843 1425 900 τέσσόμειά
1458 863 1547 903 προ
1580 842 1748 888 τ’ἐόντα
1781 852 1826 891 et

267 941 346 982 pro
384 926 553 968 Pittaci
591 925 702 967 scito
747 919 796 964 τὸ
836 919 930 964 ἴσον
975 921 1065 964 ἐστὶ
1114 925 1185 965 ῑοῦ
1224 921 1428 974 πλείονος
1465 922 1602 966 πλέον
1632 925 1826 968 Hesiodi

268 1002 356 1060 (op.
390 1009 435 1045 et
467 1002 507 1045 d.
541 1018 584 1045 V.
607 1002 681 1055 40)
717 997 762 1042 τὸ
802 995 930 1057 ἣμισυ
967 1002 1039 1042 τοῦ
1072 997 1240 1051 παινῑὸς
1271 1001 1426 1044 πλεῖον
1457 996 1567 1043 εἶναι
1601 1002 1826 1046 Sosicrate

267 1085 445 1123 auctore
477 1080 638 1136 posuit.

407 1157 503 1199 Iam
541 1171 646 1199 vero
679 1157 804 1213 prius
843 1156 1071 1199 distichon
1103 1155 1162 1211 (V.
1196 1158 1232 1211 1,
1266 1159 1292 1199 2
1328 1150 1399 1196 Ἕκ
1434 1153 1611 1212 νεφέλης
1642 1152 1825 1197 πέλεται

268 1249 305 1274 7..
332 1249 364 1274 τ.
388 1232 442 1286 λ.)
477 1234 595 1290 apud
626 1234 919 1276 Plutarchum
952 1232 1066 1288 (vita
1105 1234 1193 1277 Sol.
1229 1250 1264 1277 0.
1299 1235 1342 1286 3)
1375 1238 1498 1276 extat
1536 1234 1826 1276 coniunctum

268 1327 368 1354 cuin
401 1312 470 1353 his
503 1311 706 1353 versibus
740 1310 890 1366 (frgm.
928 1311 1017 1363 12):

406 1381 477 1436 Ἐξ
506 1381 674 1439 ἀνέμων
706 1384 750 1427 δὲ
788 1382 991 1427 θάλασσα
1026 1381 1305 1443 ταράσσεται·
1340 1380 1390 1443 ἢν
1421 1384 1467 1428 δὲ
1501 1402 1566 1436 τις
1598 1380 1732 1444 αὐτὴν

409 1460 490 1520 ῙΙΙὴ
522 1465 629 1521 κινῇ,
663 1459 841 1504 mim-0221
873 1462 961 1504 ἐστι
999 1459 1271 1520 ὄικιιιοῑάῑη.

266 1544 361 1585 Ηο3
390 1557 544 1585 versus
574 1558 627 1584 ex
654 1542 736 1585 hoc
771 1558 941 1585 conexu
971 1542 1053 1584 Th.
1079 1542 1307 1599 Bergkius
1330 1542 1544 1585 demovit.
1593 1544 1709 1586 Nam
1739 1542 1826 1585 duo

268 1619 472 1675 disticha,
497 1635 519 1662 e
543 1619 733 1662 diversis
756 1624 934 1676 sumpta
956 1619 1243 1675 carminibus,
1267 1635 1292 1662 a
1313 1620 1555 1663 Plutarcho
1579 1620 1827 1677 composita

268 1713 364 1740 esse
387 1698 594 1754 opinatus
626 1702 705 1739 est.
754 1697 874 1739 Huic
904 1697 1107 1753 opinioni
1135 1713 1161 1739 a
1184 1697 1487 1753 compluribus
1512 1697 1826 1754 comprobatae

267 1790 409 1831 nuper
440 1775 492 1816 B.
526 1775 662 1816 Niese
702 1774 745 1826 (l.
780 1775 808 1816 l.
842 1789 883 1830 p.
919 1775 945 1816 5
978 1774 1031 1816 A.
1071 1771 1113 1829 1)
1152 1774 1342 1816 obstitit.
1406 1775 1505 1816 Hoc
1538 1775 1687 1817 iudice
1718 1775 1825 1817 Plu-

267 1851 448 1894 tarchus
482 1853 600 1893 solus
628 1851 830 1893 nativam
853 1867 903 1893 ac
925 1867 1077 1893 veram
1101 1867 1206 1908 prae
1230 1866 1276 1892 se
1299 1850 1388 1893 fert
1411 1866 1620 1893 versuum
1643 1852 1823 1906 seriem3

269 1929 322 1970 ab
356 1928 602 1971 editoribus
635 1933 784 1970 autem
822 1929 975 1986 inepte
1008 1929 1078 1970 his
1113 1933 1324 1984 quattuor
1354 1929 1428 1969 vel
1461 1928 1632 1971 duobus
1665 1929 1824 1986 priori-

268 2006 349 2047 bus
382 2006 586 2048 versibus
619 2006 862 2060 distichon,
904 2006 1022 2062 quod
1053 2006 1110 2048 ad
1141 2006 1371 2047 Pisistrati
1403 2006 1693 2061 tyrannidem
1723 2021 1823 2063 per-

268 2083 449 2137 tineret,
482 2083 743 2125 adiunctum
777 2098 885 2125 esse.
952 2083 1172 2134 Quattuor
1205 2083 1325 2124 enim
1358 2098 1533 2138 versus,
1576 2098 1686 2139 quos
1718 2084 1823 2125 Plu-

269 2159 448 2201 tarchus
497 2160 669 2214 attulit,
719 2176 744 2201 a
790 2160 922 2202 rebus
970 2161 1163 2216 publicis
1211 2175 1392 2217 prorsus
1437 2160 1607 2202 alienos
1649 2175 1745 2202 esse
1785 2161 1827 2203 ei

270 2237 417 2278 visum
456 2241 535 2278 est.
598 2237 844 2292 Utriusque
883 2238 1117 2292 opiniones
1158 2243 1202 2279 et
1240 2237 1470 2293 probanda
1509 2237 1749 2279 continent
1780 2241 1826 2279 et

269 2313 531 2369 respuenda.
575 2313 642 2355 Ac
671 2329 727 2355 ne
757 2315 869 2356 illud
898 2314 1092 2370 quidem,
1118 2314 1238 2369 quod
1258 2315 1479 2356 Ernestus
1503 2313 1558 2356 de
1580 2314 1780 2356 Leutsch
1790 2310 1824 2368 3)

269 2391 470 2446 protulit,
502 2396 622 2432 recte
655 2392 927 2447 explicatum
960 2397 1039 2434 est.
1103 2392 1231 2434 Nihil
1269 2392 1345 2433 ille
1377 2391 1433 2433 ad
1464 2407 1613 2433 rerum
1645 2395 1823 2433 natura-

412 2506 446 2552 1)
473 2509 619 2540 175¹).ssch
646 2507 876 2543 Plutarchus
903 2521 1052 2554 quoque
1078 2508 1242 2545 exhibet.

410 2573 447 2615 2)
472 2572 661 2607 Diodorus
698 2573 771 2607 hoc
802 2573 885 2608 loco
919 2574 1069 2619 scripsit
1103 2573 1264 2620 αἰδρείῃ,
1299 2574 1418 2608 altero
1444 2574 1526 2608 loco
1565 2572 1690 2618 (XIX,
1719 2573 1750 2618 1,
1775 2571 1824 2617 4),

270 2643 382 2676 quem
408 2643 427 2666 e
454 2643 546 2666 voce
564 2627 742 2676 τυράννου
759 2644 827 2678 pro
845 2629 1036 2678 μονάρχου
1054 2637 1211 2679 apparet
1231 2633 1497 2679 depromptum
1512 2643 1592 2667 esse
1610 2632 1656 2666 de
1674 2631 1824 2667 diverso

269 2690 387 2735 fonte,
415 2689 537 2737 ιιίδρίῃ
567 2690 650 2733 (cfr.
677 2691 722 2726 de
748 2691 999 2738 diphthongis
1025 2692 1093 2727 Th.
1120 2692 1276 2739 Bergkii
1302 2705 1388 2727 ann.
1408 2692 1465 2727 ad.
1492 2691 1662 2737 Theogn.
1677 2704 1713 2727 v.
1729 2689 1822 2736 705).

270 2749 329 2783 Ex
354 2749 702 2795 interpretamentis
729 2751 830 2796 apud
855 2750 1067 2797 Diogenem
1103 2751 1143 2786 in
1169 2752 1380 2786 carminum
1407 2750 1618 2786 orationem
1643 2750 1685 2785 in
1709 2750 1823 2797 frgm.

273 2809 315 2842 11
342 2821 375 2843 v.
403 2810 422 2842 1
449 2809 474 2843 f.
501 2820 570 2854 pro
596 2805 709 2854 λυγρά
737 2805 840 2843 δεινά
868 2814 904 2844 et
929 2822 997 2855 pro
1025 2806 1169 2855 φύματα
1196 2811 1257 2846 vel
1290 2806 1453 2857 ἔρι’-ματα
1488 2805 1596 2856 (niam
1627 2809 1824 2856 irrepsisse

271 2871 566 2902 consentaneum
592 2871 659 2902 est.

411 2930 447 2976 3)
472 2931 660 2977 Philolog.
689 2933 762 2968 vol.
789 2933 834 2968 31
861 2932 976 2968 Solon
1001 2933 1172 2969 Jhresbr.
1200 2947 1235 2980 p.
1263 2935 1341 2969 136.
