1960 3293
570 552 1064 616 Theses,

752 714 814 723 sp«
828 714 919 723 «Μ-

185 862 220 904 1.
285 858 541 903 Herodotus
572 859 623 913 (Ι,
647 861 702 900 59
726 860 820 915 sq),
854 873 953 901 cum
988 857 1140 900 Croesi
1173 857 1342 899 exitum
1377 863 1591 911 narraret,

38 937 273 982 historiam
305 937 360 980 de
392 936 630 980 Pisistrato
671 935 907 978 inserendo
940 934 1197 991 significare
1229 934 1376 977 noluit
1414 934 1594 977 tertiam

38 1014 134 1058 eins
176 1013 463 1072 tyrannidem
496 1013 665 1056 eisdem
705 1012 1000 1070 temporibus,
1043 1011 1205 1069 quibus
1244 1011 1406 1054 Sardes
1439 1018 1595 1069 captae

37 1096 163 1147 sunt,
204 1091 478 1146 constitisse,
522 1090 601 1133 sed
639 1091 941 1133 narrationem
980 1089 1036 1132 (le
1068 1089 1165 1132 eius
1197 1088 1507 1132 dominatione
1539 1088 1595 1131 ad

37 1167 173 1211 finem
207 1167 429 1225 perduxit.

179 1257 220 1300 2.
284 1256 571 1314 Opusculum,
606 1256 723 1313 quod
758 1256 1032 1311 inscribitur,
1066 1255 1121 1298 de
1145 1255 1430 1312 malignitate
1454 1256 1595 1299 Hero-

38 1331 150 1388 doti,
181 1348 270 1377 non
304 1334 366 1376 ita
400 1333 619 1376 insulsum
644 1333 754 1377 illud
777 1334 959 1391 quidem
982 1341 1026 1376 et
1051 1333 1295 1389 inficetum,
1318 1340 1368 1376 ut
1391 1334 1597 1378 nonnulli

39 1415 286 1467 autumant,
319 1411 569 1467 genuinum
602 1411 832 1454 Plutarchi
866 1417 947 1454 est.

180 1500 221 1543 3.
283 1500 353 1543 Ex
392 1500 541 1543 verbis
579 1500 809 1543 Plutarchi
852 1500 923 1553 (de
956 1500 1058 1543 mal.
1094 1500 1200 1543 Her.
1234 1516 1270 1543 c.
1304 1501 1374 1556 21,
1408 1500 1454 1556 2)
1493 1497 1594 1556 περὶ

39 1563 99 1617 ὧν
129 1572 174 1616 ἓν
204 1568 355 1625 ἄλλοις
386 1571 690 1631 ἀκριβμίηερυν
712 1574 951 1631 γέγρηκτιαι
987 1578 1111 1620 nullo
1145 1584 1275 1635 pacto
1308 1579 1598 1636 consequitur

37 1660 263 1698 auctorem
317 1654 459 1697 libelli
513 1654 600 1697 iam
651 1662 784 1698 antea
836 1655 963 1697 libris
1015 1655 1353 1698 conscribfflldis
1416 1671 1597 1714 operam

39 1730 231 1774 dedisse.

180 1821 222 1863 4.
284 1821 525 1878 Pompeius
559 1821 734 1879 Trogus
767 1821 946 1876 (lustin.
979 1822 1051 1877 43,
1084 1823 1123 1875 3,
1154 1823 1210 1876 9),
1244 1837 1345 1865 cum
1378 1823 1595 1866 narratio·

38 1911 142 1940 nem
175 1896 230 1940 de
262 1897 463 1941 Massilia
495 1898 676 1941 condita
708 1899 762 1942 de
795 1908 972 1941 auctore
1006 1899 1157 1941 nescio
1195 1914 1282 1955 quo
1315 1900 1487 1944 Graeco
1520 1901 1596 1944 de-

37 1980 280 2032 promeret,
327 1990 492 2018 nomeu
540 1975 660 2018 filiae
707 1976 827 2032 regis
868 1976 1193 2030 Segobrionum
1226 1978 1264 2020 G
1275 1978 1427 2034 yptis
1466 1978 1597 2022 modo

38 2050 213 2095 litteras
245 2053 438 2095 Graecas
471 2053 585 2095 male
620 2053 891 2109 intellegens
926 2068 1003 2110 pro
1035 2054 1239 2108 nomine,
1272 2054 1390 2110 quod
1421 2056 1596 2099 Aristo-

40 2128 151 2171 teles
183 2128 462 2181 (Athenaeus
496 2130 614 2172 XIII
646 2145 688 2187 p.
722 2131 827 2179 576)
861 2130 1054 2184 exhibet,
1090 2131 1247 2174 Petta
1277 2132 1440 2188 posuit.

181 2218 222 2261 5.
283 2218 571 2276 Praeceptori
604 2234 764 2276 pueros
798 2219 1032 2262 historiam
1061 2219 1241 2263 docenti
1264 2235 1442 2278 semper
1463 2236 1597 2264 aurea

39 2294 178 2338 verba
209 2294 401 2338 Goethei
433 2296 713 2340 observanda
745 2306 868 2339 sunt:
917 2297 1008 2339 Das
1047 2298 1203 2352 Beste,
1251 2312 1342 2340 was
1387 2298 1470 2340 wir
1508 2313 1596 2341 von

40 2370 120 2416 der
150 2371 422 2416 Geschichte
455 2373 614 2428 haben,
648 2374 708 2416 ist
735 2373 814 2416 ‹ler
838 2373 1199 2430 Euthusiaffluus,
1232 2373 1320 2417 den
1343 2375 1407 2417 sie
1430 2381 1594 2431 erregt.
