1960 3293
1062 153 1120 197 46

320 300 435 342 Nam
480 300 518 341 si
558 299 693 341 Solon
743 313 899 354 reapse
946 313 1000 339 ex
1045 297 1207 339 itinere
1245 301 1391 339 aetate
1422 298 1604 354 longius
1636 293 1874 355 provectus

319 376 528 430 redisset,
577 375 654 430 qui
701 375 798 416 fieri
843 375 1012 431 potuit,
1060 380 1111 416 ut
1157 378 1258 430 post
1305 375 1478 431 viginti
1515 375 1696 417 demum
1733 390 1874 419 annos

319 457 508 495 mortem
557 453 711 494 obiret.
789 453 885 494 Hoc
935 456 1083 493 autem
1122 450 1312 493 fortasse
1351 467 1374 493 e
1413 452 1687 495 carminibus
1721 453 1876 510 colligi

319 530 484 585 potuit,
532 544 633 571 cum
679 530 766 570 iter
813 529 1057 570 decennale
1105 543 1184 585 per
1230 533 1298 571 tot
1344 529 1514 572 rivulos
1559 529 1614 572 de
1654 529 1876 574 Herodoti

318 607 574 648 narratione
607 606 920 662 depromptum
954 608 1083 647 esset.

459 684 560 724 Huc
592 683 776 737 accedit,
810 682 928 738 quod
962 683 1171 725 Solonem
1205 699 1305 725 cum
1336 684 1622 741 Philocypro,
1655 699 1764 741 rege
1795 684 1874 728 So-

317 761 477 802 liorum
525 761 665 802 multo
714 764 816 816 post
863 775 1031 801 annum
1071 760 1159 802 584
1197 761 1462 803 convenisse
1494 761 1875 804 verisimillimum

317 843 396 879 est.
474 838 658 878 Etenim
705 852 760 878 ex
806 837 1027 879 Herodoti
1072 837 1332 880 testimonio
1370 839 1711 895 Aristocyprus,
1750 838 1870 881 filius

315 914 596 970 Philocypri,
635 929 672 956 a.
705 914 792 956 498
830 915 879 955 in
910 914 1077 970 proelio
1110 915 1166 956 ad
1198 915 1424 957 Salamina,
1456 915 1574 958 facto
1605 915 1871 958 interfectus

317 996 396 1034 est.
462 992 621 1046 Itaque
652 991 974 1047 Philocypruni
1009 1007 1100 1034 non
1134 992 1197 1034 ita
1228 993 1383 1035 multis
1415 993 1546 1035 annis
1579 997 1684 1035 ante
1715 1009 1753 1036 a.
1785 993 1875 1035 470

316 1069 365 1110 in
396 1082 584 1124 regnum
618 1068 870 1110 escendisse
904 1074 1254 1111 consentaneum
1287 1075 1367 1125 est,
1381 1066 1414 1124 1)
1452 1071 1543 1112 nisi
1579 1070 1696 1113 forte
1727 1070 1874 1113 filium

317 1151 470 1188 exacta
502 1150 647 1187 aetate
681 1145 896 1187 cecidisse
918 1147 991 1188 vel
1013 1147 1349 1203 Philocyprum,
1382 1147 1624 1190 admodum
1646 1148 1871 1203 iuvenem,

314 1238 528 1279 regnasse
560 1227 749 1278 statuas,
796 1223 914 1278 quod
944 1228 1185 1279 utrumque
1217 1239 1308 1266 non
1339 1224 1478 1266 nimis
1510 1225 1758 1267 verisimile
1790 1230 1871 1268 est.

314 1301 413 1343 Hoc
460 1306 609 1342 autem
656 1315 796 1341 unum
835 1316 856 1341 e
901 1305 968 1342 tot
1015 1301 1266 1343 fabularum
1316 1302 1524 1358 congerie
1570 1301 1743 1345 factum
1790 1306 1871 1356 est,

315 1377 434 1432 quod
483 1378 736 1419 examinare
783 1393 1032 1434 possumus.
1097 1380 1213 1420 Nam
1261 1394 1374 1435 quae
1424 1379 1543 1435 apud
1590 1379 1872 1422 Herodotum

317 1460 361 1496 et
392 1455 685 1497 Plutarchum
719 1456 772 1497 de
806 1456 1025 1511 colloquio
1059 1472 1160 1498 cum
1190 1457 1352 1498 Croeso
1387 1461 1431 1498 et
1458 1457 1674 1499 Amaside
1702 1461 1871 1513 extant,

313 1532 409 1587 hae,
444 1537 494 1574 ut
525 1533 579 1574 R.
615 1532 836 1575 Schubert
868 1533 1208 1589 demonstravit,
1245 1549 1392 1576 merae
1425 1533 1600 1576 fabulae
1633 1538 1751 1576 sunt.

454 1611 550 1652 Iam
597 1610 1052 1652 veridissimillimum
1101 1616 1186 1666 est,
1236 1627 1261 1653 a
1299 1612 1462 1654 Solone
1500 1611 1587 1654 iter
1627 1611 1871 1654 decennale

314 1687 403 1729 iam
450 1702 566 1729 anno
615 1688 699 1729 593
748 1693 1005 1744 susceptum
1054 1704 1163 1731 esse.
1231 1689 1457 1731 Ponamus
1504 1703 1600 1730 rem
1645 1688 1870 1745 publicam

313 1764 677 1820 Atheniensium,
710 1770 776 1808 tot
798 1767 1027 1821 tantisque
1050 1767 1178 1808 malis
1201 1767 1491 1821 laborantem,
1525 1781 1607 1823 per
1634 1766 1871 1809 biennium

313 1857 339 1883 a
371 1841 531 1883 Solone
565 1843 856 1885 constitutam
889 1858 999 1886 esse.
1063 1844 1225 1886 Nonne
1274 1844 1314 1886 ei
1362 1843 1612 1886 cavendum
1651 1848 1764 1899 erat,
1811 1858 1870 1886 ne

313 1918 435 1973 leges
482 1920 599 1961 mala
645 1920 1019 1976 interpretatione
1067 1920 1123 1962 ad
1171 1921 1350 1963 irritum
1398 1921 1622 1963 caderent.
1690 1921 1871 1963 Bellum

312 2011 441 2051 porro
476 1997 593 2051 quod
624 2002 789 2039 vocant
818 2013 991 2039 sacrum
1020 2003 1123 2040 ante
1151 2013 1319 2040 annum
1342 1995 1469 2051 5902)
1502 1998 1757 2041 confectum
1777 2013 1870 2040 non

454 2198 491 2240 1)
516 2197 564 2232 H.
591 2198 710 2232 Flach
736 2198 758 2232 l.
786 2199 808 2232 1.
837 2211 872 2245 p.
899 2199 968 2234 373
995 2212 1080 2234 ann.
1111 2200 1141 2234 1.

453 2268 489 2313 2)
516 2269 755 2315 Quamquam
788 2274 897 2305 caute
923 2271 1025 2305 hunc
1052 2283 1194 2305 annum
1231 2270 1352 2317 posui,
1378 2282 1454 2305 non
1479 2282 1635 2317 possum
1660 2282 1739 2305 non
1763 2269 1870 2305 affir-

312 2339 428 2373 mare,
455 2327 634 2363 Nieseum
673 2329 710 2373 (l.
736 2330 759 2363 1.
786 2342 821 2375 p.
851 2331 894 2363 16
922 2334 957 2364 et
984 2343 1018 2376 p.
1046 2331 1107 2373 20)
1134 2330 1231 2364 mihi
1256 2342 1333 2365 non
1358 2330 1602 2376 persuasisse,
1629 2330 1701 2365 hoc
1726 2330 1869 2365 bellum

312 2399 388 2421 non
413 2399 480 2432 per
506 2387 634 2422 decem
667 2400 786 2423 annos
824 2393 975 2435 gestum
1002 2401 1092 2424 esse.
1154 2390 1253 2424 Nam
1294 2401 1476 2424 numerus
1513 2389 1702 2424 rotundus
1740 2389 1870 2425 decem

313 2457 499 2480 annorum
526 2446 622 2480 nihil
649 2446 871 2482 offensionis
908 2449 1035 2494 habet,
1074 2461 1161 2483 cum
1194 2449 1385 2495 permulta
1420 2449 1521 2483 bella
1551 2448 1648 2483 miro
1680 2460 1870 2483 annorum

313 2505 435 2550 spatio
463 2506 648 2540 contineri
674 2507 776 2541 haud
802 2507 1034 2553 ignoremus,
1060 2509 1165 2543 velut
1184 2508 1309 2554 prima
1334 2508 1423 2543 belli
1441 2507 1756 2554 Peloponnesiaci
1781 2518 1869 2554 pars

311 2576 354 2598 ac
380 2565 521 2599 bellum
545 2566 822 2601 Messeniacum
849 2568 1004 2602 tertium
1033 2567 1183 2610 δεκαετῆ
1215 2567 1382 2602 fuerunt.
1433 2567 1578 2610 Quodsi
1603 2566 1687 2613 quis
1713 2567 1870 2602 annales

310 2623 533 2669 inspexerit,
566 2625 669 2659 haud
710 2638 795 2660 raro
840 2626 935 2660 bella
981 2628 1126 2672 decem,
1153 2631 1315 2673 septem,
1353 2626 1514 2672 triginta
1545 2638 1733 2661 annorum
1757 2630 1870 2673 gesta

312 2694 392 2717 esse
426 2683 633 2729 apparebit.
671 2684 727 2719 Ac
763 2690 923 2719 constat.
953 2686 1188 2721 obsessiones
1214 2686 1367 2721 urbium
1405 2685 1681 2731 antiquissimis
1718 2689 1866 2731 tempo-

311 2741 415 2775 ribus
453 2742 546 2776 satis
584 2742 784 2777 diuturnas
819 2748 856 2778 et
889 2744 1066 2779 difficiles
1092 2745 1221 2780 fuisse.
1271 2745 1422 2779 Nullius
1448 2756 1560 2790 porro
1585 2744 1772 2780 momenti
1798 2747 1867 2790 est,

312 2800 411 2845 quod
450 2801 690 2847 Thucydides
729 2803 772 2847 (I,
801 2805 859 2846 15)
898 2804 1012 2838 huius
1049 2805 1139 2839 belli
1175 2803 1409 2839 mentionem
1443 2815 1521 2838 non
1558 2804 1662 2849 fecit,
1700 2804 1868 2849 quando-

313 2859 463 2904 quidem
488 2861 677 2905 permulta
710 2861 860 2896 silentio
891 2864 1163 2908 praetermisit,
1203 2876 1298 2909 quae
1337 2864 1385 2898 ad
1417 2863 1619 2898 historiam
1643 2861 1868 2899 vetustioris

312 2918 448 2953 aetatis
474 2920 774 2965 cognoscendam
801 2922 1010 2968 pertinent,
1052 2923 1157 2958 velut
1188 2923 1252 2958 ille
1278 2922 1472 2966 Solonem,
1510 2926 1554 2958 ut
1590 2922 1751 2958 Nieseus
1788 2922 1869 2969 ipso
