1960 3293
1055 186 1109 227 10

299 328 414 370 bene
447 327 665 382 congruit.
711 327 877 370 Confer
907 328 1150 369 Isocratem
1182 327 1230 369 in
1260 328 1485 384 Panegyr.
1521 326 1545 382 ξ
1578 329 1634 370 95
1667 321 1849 383 αἱρετώ-

300 399 421 459 τερόν
453 400 540 443 ἐστι
582 402 724 452 καλῶς
756 397 1004 443 ἀποθανεῖν
1036 397 1063 459 ἢ
1096 401 1170 459 ζῆν
1201 399 1399 459 αἰσχρῶς.

441 481 530 523 Sed
562 481 670 523 satis
704 481 763 522 sit
795 481 849 522 de
881 481 963 523 hac
995 481 1101 523 libri
1131 485 1257 537 parte
1290 480 1333 537 (ξ
1366 483 1422 524 23
1453 497 1595 538 usque
1627 482 1684 525 ad
1706 487 1850 525 extre·-

297 573 420 600 mum
465 558 660 610 librum).
738 559 809 600 Ex
842 573 929 613 qua
959 565 1009 600 ut
1040 573 1098 600 ne
1137 574 1277 600 unum
1319 559 1501 615 quidem
1547 559 1851 615 fragmentum

300 635 354 677 ab
387 635 569 691 Ephoro
603 639 725 677 extat
757 636 965 690 alienum,
1000 636 1064 678 ita
1094 637 1280 678 nonulla
1311 634 1354 691 (ξ
1387 638 1462 691 26;
1497 638 1570 691 27;
1605 637 1739 691 31,1;
1773 638 1848 691 323

297 713 371 765 343
407 713 474 766 36,
508 710 553 766 5)
596 727 650 753 ex
690 712 773 754 hoc
805 712 964 754 hausta
995 727 1091 754 esse
1122 713 1270 755 lucide
1303 719 1500 771 apparet.
1563 713 1851 756 Verisimilli-

298 804 421 830 mum
453 789 594 845 igitur
624 789 804 831 videtur
837 790 913 832 illo
945 790 1192 833 Diodorum
1224 791 1306 833 hac
1329 791 1377 833 in
1398 791 1503 834 libri
1524 795 1651 847 parte
1672 795 1851 834 auctore

296 881 427 907 usum
460 881 567 909 esse.
606 890 660 894 —

916 988 1122 1044 Caput
1162 990 1240 1034 II.

1026 1086 1122 1142 §r

439 1182 769 1224 Perlustrantes
817 1197 898 1224 nos
944 1183 1140 1239 priorem
1178 1184 1206 1225 l.
1244 1184 1311 1226 IX
1355 1189 1528 1240 partem
1576 1181 1620 1239 (ἓ
1662 1184 1757 1226 1-
1781 1181 1852 1238 14)

297 1257 453 1313 fugere
490 1274 580 1301 non
620 1264 786 1315 potest,
832 1260 947 1302 hanc
979 1276 1004 1302 a
1034 1260 1206 1316 reliqua
1237 1260 1342 1302 libri
1373 1265 1501 1318 parte
1532 1276 1713 1318 prorsus
1746 1262 1852 1304 alie-

294 1350 399 1377 nam
432 1351 540 1378 esse.
604 1338 727 1379 Haec
777 1337 897 1379 enim
929 1337 1195 1393 fragmenta,
1233 1338 1358 1379 nulla
1390 1343 1642 1394 temporum
1672 1338 1847 1381 ratione

296 1412 462 1467 habita,
512 1414 559 1455 in
606 1414 688 1456 hac
735 1429 782 1455 re
817 1415 1088 1470 conspirant,
1127 1430 1266 1456 unum
1304 1414 1359 1456 de
1391 1420 1563 1472 septem
1594 1416 1686 1458 illis
1720 1420 1765 1458 et
1796 1416 1852 1458 ob

297 1505 368 1532 res
399 1492 624 1547 praeclare
647 1496 797 1547 gestas
831 1496 875 1534 et
899 1492 954 1534 ob
988 1493 1237 1534 sententias
1269 1492 1383 1534 bene
1416 1493 1694 1549 excogitatas
1726 1508 1852 1550 prae-

300 1566 452 1610 dicari.
499 1568 722 1611 Diodorus
745 1574 894 1611 autem
917 1574 1134 1625 quantum
1157 1585 1180 1611 6
1202 1569 1471 1625 fragmentis
1505 1570 1658 1626 colligi
1689 1574 1852 1626 potest,

298 1644 592 1687 disertissime
640 1646 694 1687 de
742 1646 812 1688 1113
860 1646 1036 1701 fabulis,
1078 1662 1186 1701 quas
1225 1661 1455 1701 vocamus,
1489 1647 1852 1690 Romanensibus

298 1722 478 1764 videtur
510 1723 669 1779 egisse.
723 1724 892 1766 Contra
919 1724 1359 1766 veriabsimillimum
1390 1724 1454 1779 fit,
1487 1724 1721 1780 Ephorum
1742 1724 1854 1767 item

297 1799 546 1841 sedulosius
593 1800 664 1842 his
712 1816 892 1857 operam
931 1801 1108 1843 dedisse
1147 1801 1424 1843 commentis.
1487 1802 1586 1843 Hae
1626 1802 1747 1843 enim
1785 1801 1851 1844 fa-

296 1876 427 1918 bulae
459 1877 580 1919 illius
617 1878 896 1935 temporibus
933 1878 1136 1920 nondum
1168 1879 1232 1920 ita
1264 1883 1472 1934 acceptae
1504 1879 1580 1920 vel
1611 1879 1852 1935 populares

298 1953 511 1996 Videntur
557 1954 707 1997 fuisse.
785 1956 902 1998 Nam
951 1971 1105 1998 omnes
1159 1970 1269 2011 quos
1317 1955 1562 2011 diligenter
1615 1955 1853 1997 Bohrenus

302 2031 374 2082 (cf.
408 2047 449 2088 p.
488 2033 509 2074 1
547 2033 627 2087 sq.)
675 2034 865 2075 contulit
898 2032 951 2074 de
983 2033 1066 2074 hac
1105 2047 1153 2074 re
1185 2037 1406 2088 auctores,
1455 2033 1512 2075 ad
1557 2033 1854 2089 posteriorem

299 2113 504 2164 spectant
550 2107 799 2161 aetateml).
861 2111 952 2152 Res
999 2125 1131 2166 porro
1178 2110 1276 2166 ipsa
1320 2115 1493 2165 monet,
1539 2115 1590 2152 ut
1621 2110 1766 2166 magis
1799 2109 1854 2152 de

299 2185 579 2242 philosophis
613 2202 853 2243 eorumque
876 2187 1170 2230 sectatoribus
1195 2187 1455 2242 cogitemus,
1479 2202 1612 2242 quam
1635 2187 1690 2229 de
1711 2187 1853 2229 histo-

298 2263 417 2304 ricis.
481 2264 637 2319 Neque
683 2269 836 2306 tamen
868 2265 1095 2321 Ephorus,
1138 2268 1189 2306 ut
1221 2264 1310 2306 iam
1342 2279 1475 2320 supra
1508 2264 1718 2319 diximus,
1751 2265 1853 2307 illos

301 2340 538 2396 Sapientes
571 2342 751 2383 silentio
783 2342 1031 2398 praeteriit.
1081 2341 1267 2383 Etenim
1299 2341 1418 2383 sicut
1447 2342 1578 2384 Plato
1602 2342 1851 2397 Mysonem,

299 2416 363 2458 sic
395 2417 471 2459 ille
504 2417 575 2470 (cf.
608 2418 755 2460 Laert.
789 2419 921 2473 Diog.
953 2419 989 2473 I,
1021 2417 1097 2472 41)
1129 2418 1413 2460 Anacharsin
1450 2423 1624 2474 septem
1654 2419 1746 2460 illis
1779 2419 1849 2460 in-

444 2664 477 2709 1)
511 2666 663 2712 Septem
703 2666 924 2712 Sapientum
969 2666 1172 2712 collegium
1209 2666 1383 2700 Platonis
1425 2666 1577 2700 demum
1619 2665 1854 2712 temporibus

301 2724 553 2759 constitutum
579 2737 669 2770 esse,
697 2725 797 2771 quod
823 2725 998 2760 Bohreno
1027 2725 1088 2770 (cf.
1114 2726 1137 2759 1.
1164 2725 1186 2759 l.
1214 2738 1249 2771 p.
1277 2726 1336 2770 57)
1362 2725 1488 2759 visum
1515 2728 1583 2770 est,
1608 2725 1714 2760 nullo
1741 2724 1853 2759 modo

301 2787 460 2819 constat.
511 2784 610 2818 Nam
645 2796 691 2819 ex
723 2784 911 2819 Herodoti
943 2784 1093 2819 silentio
1128 2796 1284 2830 prorsus
1309 2784 1407 2819 nihil
1432 2784 1685 2830 consequitur.
1735 2784 1850 2819 Modo

300 2841 339 2875 id
365 2854 384 2877 e
408 2843 629 2877 vetustioris
656 2844 792 2878 aetatis
817 2844 1000 2879 memoria
1026 2844 1286 2890 pertractavit,
1313 2844 1413 2889 quod
1438 2855 1515 2877 non
1542 2847 1655 2878 antea
1680 2854 1703 2877 a
1720 2855 1845 2878 rerum

304 2901 550 2947 scriptoribus
578 2907 800 2937 enarratum
827 2908 919 2938 erat.
956 2902 1012 2938 Cf.
1032 2903 1122 2938 Her.
1141 2903 1206 2946 VI,
1225 2904 1269 2937 55
1295 2897 1338 2935 τὰ
1366 2902 1404 2936 δὲ
1426 2896 1527 2936 ἄλλοι
1546 2898 1588 2936 οὗ
1606 2897 1844 2945 κατελάβοντο

304 2955 438 2993 τούτων
462 2975 489 3007 μ
496 2956 562 3006 ι’ήμ
571 2974 610 3003 ην
636 2974 695 2995 ποι
704 2957 795 3007 ήσομ
804 2975 851 2996 ιιι.
