1960 3293
1067 181 1093 221 6

303 319 620 374 Herwerden¹)
654 322 926 364 sententiam
957 323 1006 364 in
1038 326 1236 366 extremo
1268 323 1520 379 fragmento
1543 323 1631 376 (28)
1654 322 1711 366 ad
1732 323 1852 380 frag-

303 404 505 442 mentum
537 400 593 441 30
624 399 850 455 pertinere
883 400 1088 442 coniecit.
1150 400 1206 442 In
1241 400 1326 443 hoc
1365 401 1486 443 enim
1516 400 1719 443 Phalaris
1752 416 1853 444 cum

303 492 515 533 magnum
553 476 855 518 columbarum
893 492 1056 532 agmen
1092 492 1233 520 unum
1273 478 1536 535 accipitrem
1573 477 1752 534 fugiens
1784 479 1852 521 vi-

305 554 458 609 disset,
483 554 750 595 exclamasse
772 558 996 596 narratur:
1017 546 1184 608 (Ορᾶῑε,
1209 543 1243 594 ὦ
1266 547 1424 610 ἄνδρες,
1449 554 1631 595 τοσοῦτο
1659 553 1852 611 πλῆθος,

307 625 366 686 ὑφ
389 626 481 679 ἑνὸς
503 625 778 681 διωκόμενον.
809 623 934 669 Ἐπεί
955 644 1024 670 τοι
1049 644 1093 684 γε
1114 626 1375 687 τολμήσειαν
1402 625 1750 687 ὑποστρέψαι,
1775 633 1852 688 ῥᾳ-

303 703 407 756 δίως
432 707 505 747 rof·
530 702 763 755 διώκοντος
787 703 1095 761 περιγένοιντο.
1129 709 1227 752 Ηο0
1249 710 1344 752 1000
1367 709 1440 752 Vir
1462 710 1619 752 doctus
1641 709 1852 752 inseruit:

306 778 437 832 αὐτὸς
469 781 514 823 δέ
547 780 869 835 πεπλασμένως
901 799 938 824 κ.
974 799 1008 824 τ.
1043 783 1079 824 λ.
1127 787 1252 829 Haec
1283 786 1421 829 verba
1453 785 1641 829 fortasse
1672 791 1855 844 propter

303 862 496 904 similem
526 862 677 904 ultimi
708 862 915 904 vocabuli
948 862 1135 905 formam
1167 868 1268 920 post
1299 859 1596 918 περιγένοιντο
1620 864 1853 920 excidisse,

302 954 327 981 a
357 939 539 981 librario
573 954 766 981 errorem
799 939 1051 995 corrigente
1084 941 1131 982 in
1163 941 1366 997 margine
1399 941 1636 998 adscripta,
1669 956 1775 984 mox
1805 941 1854 984 in

303 1016 558 1073 apographo
598 1017 743 1058 alieno
782 1017 877 1059 1000
917 1032 1013 1059 0330
1050 1023 1241 1075 recepta.
1309 1019 1440 1062 Hanc
1478 1019 1555 1061 ille
1596 1019 1856 1075 opinionem

302 1093 352 1135 L.
392 1094 626 1136 Dindorfio
664 1093 872 1150 probavit
910 1094 982 1146 (cf.
1024 1095 1080 1138 ad
1116 1096 1263 1138 locum
1294 1097 1381 1139 vol.
1413 1096 1460 1138 Π
1498 1112 1541 1153 p,
1578 1094 1692 1150 157).
1756 1097 1855 1139 Hoc

303 1186 571 1227 quamquam
610 1171 707 1213 fieri
745 1172 892 1227 potuit
934 1176 979 1214 et
1018 1173 1193 1229 saepius
1231 1174 1344 1215 tales
1383 1188 1553 1215 errores
1593 1173 1642 1215 in
1680 1173 1854 1216 codices

303 1247 385 1290 hoc
433 1248 562 1290 modo
611 1249 844 1305 irrepsisse
893 1249 1013 1292 haud
1058 1250 1336 1306 ignoramus,
1389 1255 1541 1292 tamen
1586 1250 1657 1292 his
1704 1250 1855 1293 verbis

306 1326 591 1382 transpositis
640 1326 884 1368 difficultas
931 1342 1021 1369 non
1068 1327 1253 1370 tollitur.
1323 1327 1549 1370 Diodorus
1598 1327 1719 1369 enim
1764 1341 1856 1370 non

447 1526 480 1571 1)
507 1526 754 1573 Spicilegium
788 1527 1018 1562 Vaticanum
1050 1526 1248 1562 continens
1279 1539 1365 1563 nov.
1393 1527 1477 1562 lect.
1510 1527 1548 1562 in
1574 1527 1676 1562 Hist.
1703 1528 1768 1563 Gr.
1795 1539 1856 1563 ex-

304 1589 432 1632 cerpta
448 1614 454 1620 .
471 1613 478 1620 .
495 1614 501 1620 .
519 1614 524 1620 .
553 1586 703 1632 scripsit-
721 1587 769 1621 H.
790 1598 866 1622 van
884 1586 1136 1622 Herwerden:
1162 1587 1342 1633 Lugduni
1367 1588 1603 1623 Batavorum
1631 1587 1722 1623 1860
1745 1600 1780 1634 p.
1799 1588 1856 1623 27.

304 1646 388 1680 Hoc
414 1645 453 1680 in
480 1645 575 1680 libro
602 1646 662 1681 vir
687 1646 821 1681 doctus
846 1646 1036 1692 permulta
1062 1645 1157 1681 vitia
1182 1646 1222 1681 in
1240 1646 1300 1681 his
1318 1646 1459 1692 eclogis
1478 1646 1679 1682 emendare
1697 1646 1856 1692 studuit,

303 1705 377 1740 alia
403 1704 638 1740 emendanda
662 1705 876 1751 proposuit;
903 1705 968 1740 sed
994 1705 1144 1752 saepius
1170 1706 1447 1752 eclogariorum
1473 1717 1588 1751 quam
1613 1705 1857 1741 librariorum

304 1776 450 1800 errores
475 1764 635 1799 notavit.
688 1765 770 1799 Hos
797 1769 925 1800 autem
951 1765 1184 1800 retineamus
1209 1777 1361 1801 necesse
1386 1768 1460 1810 est,
1496 1777 1582 1800 cum
1608 1777 1654 1800 ex
1680 1765 1740 1800 his
1764 1765 1857 1812 ipsis

303 1824 453 1871 saepius
486 1824 691 1870 genuinam
723 1824 882 1860 Diodori
919 1825 1107 1859 rationem
1144 1825 1427 1871 perspiciamus.
1478 1825 1594 1859 Velut
1620 1825 1857 1860 Herwerden

304 1884 344 1919 in
370 1886 587 1930 fragmento
613 1885 659 1918 25
699 1904 739 1908 —-
780 1884 911 1919 fabula
943 1888 1071 1919 autem
1103 1884 1203 1919 inest
1230 1885 1274 1919 de
1302 1883 1429 1919 Croesi
1456 1883 1698 1930 expeditione
1723 1888 1858 1919 contra

305 1944 501 1979 insulanos
520 1947 654 1990 parata
676 1964 714 1968 ——
732 1955 778 1978 ex
796 1944 921 1979 verbis
935 1943 974 1978 111
989 1943 1112 1979 medio
1127 1943 1346 1990 fragmento
1360 1943 1494 1989 positis
1509 1938 1551 1984 „6
1579 1942 1617 1977 δὲ
1639 1947 1819 1981 Πίττακος
1836 1938 1858 1986 ἢ

305 1999 323 2036 ὁ
363 2007 450 2040 &fag
486 1997 699 2045 ι“·ποι”.ιιβών”ί
737 2003 892 2038 foedum
930 2003 1234 2038 additamentum
1272 2006 1452 2040 Πίττακος
1492 1996 1511 2044 ἦ
1548 2003 1703 2038 exulare
1739 2002 1856 2039 iubet.

306 2063 410 2106 Quae
441 2063 558 2098 verba
590 2074 820 2108 quamquam
851 2062 890 2097 111
923 2063 1050 2098 codice
1082 2066 1119 2098 et
1144 2063 1188 2097 A.
1216 2062 1318 2097 Maio
1345 2065 1383 2097 et
1408 2062 1667 2097 Herwerdeno
1693 2062 1857 2098 testibus

303 2122 495 2167 leguntur,
536 2134 557 2156 a
589 2122 631 2156 L.
663 2122 874 2167 Dindorfio⁷
912 2122 976 2168 qui
1011 2123 1198 2158 rationem
1232 2122 1482 2156 Herwerdeni
1516 2121 1600 2156 aliis
1630 2121 1724 2157 locis
1756 2125 1857 2158 recte

304 2180 455 2216 notavit
482 2181 537 2225 (Π
561 2194 596 2227 p.
623 2181 723 2226 XV),
750 2186 879 2217 amota
905 2186 1004 2217 sunt.
1054 2182 1154 2217 Nam
1180 2182 1224 2216 de
1249 2181 1404 2225 Biante,
1431 2193 1509 2216 non
1534 2180 1580 2216 de
1605 2181 1757 2217 Pittaco
1783 2193 1857 2216 ser-

304 2252 456 2275 monem
494 2252 574 2275 esse
610 2252 629 2275 0
659 2241 971 2287 praecedentibus
1009 2241 1103 2276 satis
1138 2241 1291 2287 liquere.
1344 2240 1484 2275 Confer
1515 2243 1644 2275 autem
1669 2240 1858 2276 Herodoti

305 2301 351 2335 de
377 2300 508 2334 eadem
535 2300 665 2335 fabula
690 2301 950 2336 narrationem
977 2300 1019 2346 (1,
1039 2302 1095 2346 57,
1114 2302 1136 2335 3
1154 2300 1209 2337 ed.
1229 2300 1367 2346 Stein):
1395 2301 1431 2333 οἵ
1454 2300 1525 2346 μὲν
1552 2303 1692 2333 Βίαντα
1710 2301 1858 2344 λέγουσι

304 2354 365 2392 τὸν
404 2362 565 2404 Πριηνέα
606 2355 832 2406 ἀπικόμενον
870 2362 917 2406 ἐςι
942 2356 1092 2406 Σάρδις,
1132 2361 1168 2393 οἱ
1206 2359 1246 2393 δὲ
1280 2364 1464 2394 Πίτῖακον
1501 2353 1563 2392 τὸν
1594 2361 1856 2402 ΝΙυῑιληναῖον,

305 2414 496 2465 εἰρόμενον
523 2421 557 2451 εἴ
577 2432 610 2452 τι,
639 2422 690 2461 εἴη
717 2415 891 2464 νεώτερον
916 2433 946 2453 κ.
974 2433 1001 2453 Τ.
1029 2422 1057 2453 λ.
1108 2420 1193 2454 Ηο0
1219 2431 1238 2454 e
1268 2420 1351 2454 loco
1377 2419 1603 2465 perspicitur
1643 2431 1665 2453 a
1689 2418 1857 2453 Diodoro

304 2477 384 2524 ipso
411 2482 615 2523 utrumque
640 2479 799 2513 allatum
825 2490 917 2514 esse.
967 2480 1029 2514 An
1053 2479 1248 2526 probabile
1273 2478 1328 2523 fit,
1363 2478 1409 2513 ab
1435 2477 1634 2524 eclogariis
1659 2478 1708 2512 ad
1732 2478 1857 2512 locum

304 2537 490 2571 Herodoti
515 2537 806 2583 respicientibus
831 2538 924 2573 haec
949 2539 1067 2574 verba
1094 2533 1129 2583 (ἢ
1148 2536 1341 2582 Πίττακος)
1361 2537 1491 2572 addita
1509 2536 1612 2572 esse?
1649 2535 1722 2580 Qui
1743 2548 1857 2582 quam

305 2596 447 2642 stupidi
472 2595 626 2640 fuerint,
652 2601 809 2643 apparet
834 2597 874 2632 in
899 2602 1069 2633 extremo
1095 2598 1313 2643 fragmento
1341 2596 1426 2641 (25),
1453 2595 1493 2630 in
1519 2608 1592 2642 quo
1616 2608 1664 2631 ne
1681 2596 1858 2631 Herwer-

305 2655 424 2689 denus
449 2655 600 2701 quidem
618 2656 756 2691 vitium
774 2656 935 2692 notavit.
970 2656 1030 2691 Sic
1048 2656 1149 2692 enim
1167 2659 1274 2692 extat
1298 2655 1350 2690 ibi
1376 2654 1505 2690 Croesi
1530 2655 1674 2701 opinio:
1700 2654 1770 2688 τῶν
1785 2649 1857 2700 γὰρ

306 2713 444 2747 Λυδῶν
465 2710 632 2748 ἱππεύειν
650 2711 811 2757 εἰδότων,
839 2711 980 2762 ἐνόμιζε
1001 2719 1191 2761 προτερεῖν
1218 2710 1347 2752 αὐτοὺς
1371 2714 1468 2761 πεζῇ.
1504 2714 1626 2758 Quid?
1644 2713 1858 2760 pedestrine

305 2773 473 2808 exercitu
498 2773 664 2808 insulani
690 2773 829 2809 Croeso
855 2775 1152 2820 praestiterunt?
1193 2774 1332 2809 Immo!
1358 2785 1512 2820 pugnae
1537 2773 1686 2810 navalis
1717 2773 1858 2808 insula-

306 2844 374 2865 nos
405 2832 653 2878 peritissimos
688 2845 768 2867 esse
800 2833 889 2867 Bias
923 2834 1128 2869 contendit.
1182 2833 1277 2880 Πεζῇ
1312 2833 1431 2880 igitur
1456 2837 1523 2868 aut
1556 2833 1603 2867 ab
1637 2836 1858 2878 excerptore

305 2902 502 2936 perperam
534 2904 601 2937 pro
634 2892 781 2938 ναυτικῇ
816 2893 1001 2938 scriptum
1028 2897 1101 2936 est,
1134 2897 1201 2928 aut
1226 2897 1309 2928 tota
1335 2892 1526 2927 conclusio
1553 2891 1858 2926 additamentum

305 2953 361 2984 est
387 2950 576 2996 eclogarii.
627 2951 665 2985 Is
692 2950 873 2986 nimirum
898 2952 1068 2998 putabat,
1096 2965 1181 2987 cum
1207 2951 1396 2998 equitibus
1423 2950 1635 2997 comparari
1659 2949 1816 2996 pedites.
