1960 3293
609 875 797 927 Pars
835 878 1080 944 prima.

350 996 433 1051 De
471 995 711 1051 Diodori
752 995 936 1050 Siculi
974 995 1130 1050 libro
1168 1009 1335 1050 nono.

208 1139 396 1184 Diodori
423 1139 565 1183 Siculi
598 1139 711 1183 liber
743 1154 887 1183 nonus
919 1146 1022 1196 apte
1055 1139 1102 1182 in
1135 1138 1244 1182 (luas
1278 1144 1428 1197 partes
1456 1138 1622 1183 dividi-

68 1222 162 1271 tur,
198 1231 385 1274 quarum
422 1217 561 1259 altera
599 1218 644 1271 (5
681 1218 823 1260 1—14
855 1217 928 1260 vel
963 1218 1033 1267 155»
1074 1216 1130 1260 ad
1162 1223 1334 1274 septem
1367 1218 1622 1274 sapientum

11 1353 18 1359 Ι
69 1293 243 1338 fabulas
274 1294 390 1337 solas
421 1300 606 1351 spectat,
643 1295 687 1337 in
719 1295 860 1338 altera
891 1294 964 1349 (de
993 1297 1019 1343 ξ
1041 1295 1098 1336 23
1127 1309 1267 1351 usque
1290 1294 1346 1337 ad
1369 1302 1480 1338 extr.
1505 1295 1623 1347 libr.)

69 1368 140 1415 res
174 1372 291 1415 iusto
322 1377 574 1429 temporum
612 1372 768 1415 ordine
806 1378 985 1414 servato
1024 1379 1275 1415 narrantur.
1341 1373 1435 1415 Has
1472 1377 1623 1416 autem

69 1448 180 1492 duas
212 1448 317 1491 libri
345 1455 496 1506 partes
525 1449 730 1505 quamvis
753 1449 953 1492 diversas
986 1448 1041 1491 de
1065 1448 1245 1505 Ephoro
1270 1449 1362 1491 solo
1384 1448 1621 1507 depromp-

71 1529 141 1569 tas
171 1540 268 1567 esse
301 1525 355 1568 R.
389 1523 631 1576 Klueberw
665 1526 876 1580 coniecit,
917 1541 1049 1582 quam
1088 1526 1348 1583 opinionem
1380 1526 1480 1569 aliis
1513 1527 1623 1569 viris

69 1600 215 1645 doctis
261 1601 482 1660 probavit.
561 1603 690 1646 Hanc·
739 1603 860 1646 illius
905 1603 1296 1646 ratiocinationem
1344 1603 1489 1646 faeere
1534 1618 1625 1647 non

69 1693 265 1738 possum,
303 1680 413 1736 quin
451 1695 629 1736 prorsus
662 1695 838 1735 negem.
910 1680 1024 1722 Nam
1064 1685 1110 1722 et
1146 1694 1258 1736 quae
1291 1687 1410 1723 recte
1444 1695 1625 1738 perspe-

71 1760 211 1812 xerat,
242 1770 335 1800 non
366 1757 474 1799 satis
497 1757 631 1799 certis
652 1757 932 1813 argiunentis
963 1756 1186 1800 stabilivit
1217 1763 1263 1800 et
1294 1758 1515 1815 permulta
1546 1773 1624 1801 ne-

69 1833 226 1890 glexit,
259 1848 370 1890 quae
402 1833 458 1877 ad
490 1843 717 1877 auctorem
750 1833 934 1877 Diodori
969 1834 1277 1891 indagandum
1308 1835 1623 1892 pertinent.—

70 1910 139 1954 De
170 1910 364 1966 singulis
396 1911 492 1954 eius
524 1912 789 1954 commentis
827 1912 1088 1968 priusquam
1120 1911 1365 1969 disputem,
1404 1927 1624 1956 summam

71 1986 302 2044 castigabo
348 1988 444 2031 eius
488 1988 895 2031 ratiocinationum.
972 1989 1040 2031 Ac
1084 1989 1210 2045 quasi
1248 1988 1426 2042 πρῶτον
1467 1988 1626 2038 ‹pes-do,-

73 2064 305 2122 Ephorum
337 2081 363 2108 a
394 2065 554 2121 quinto
585 2065 699 2109 libro
731 2066 873 2107 solum
905 2081 930 2107 a
952 2065 1148 2109 Diodoro
1181 2065 1495 2124 depromptum
1528 2082 1624 2110 esse

71 2155 116 2184 v.
148 2141 190 2185 d.
229 2157 497 2199 quamquam
539 2141 712 2195 ‹lixit²)‚
761 2143 945 2184 mininie
979 2142 1318 2186 demonstravit.
1382 2145 1539 2200 Neque
1587 2145 1626 2187 si

73 2217 268 2273 fecisset,
301 2219 545 2275 quidquam
577 2219 632 2262 ad
666 2235 758 2262 rem
792 2220 1007 2262 valuisset
1029 2228 1358 2276 argumentum.
1404 2221 1625 2263 Diodorus

73 2295 195 2339 enim
227 2296 274 2339 in
306 2295 480 2339 decimo
513 2295 626 2339 libro
659 2296 712 2339 ‹lu
743 2296 873 2338 rebus
897 2296 1197 2354 Pythagoreis
1221 2298 1452 2354 Ephorum
1475 2299 1625 2341 sinon

72 2373 294 2430 neglexit,
342 2380 389 2416 at
435 2380 553 2416 verte
604 2387 693 2416 non
743 2374 881 2415 solum
922 2388 1097 2431 semper
1132 2375 1309 2417 accivit.
1379 2376 1477 2418 Hoc
1516 2376 1626 2419 satis

75 2448 234 2506 lucide,
268 2450 439 2507 opinor,
473 2466 496 2493 e
530 2450 817 2505 Callimacho,
851 2465 982 2507 quem
1005 2449 1272 2506 Diodorus⁸)
1294 2453 1460 2506 attulit,
1491 2468 1625 2510 appa·

75 2531 156 2569 ret.
217 2527 548 2584 Argumentum
588 2543 693 2570 vero
732 2543 755 2569 e
793 2527 997 2583 silentio,
1045 2528 1164 2584 quod
1202 2529 1289 2571 viri
1328 2528 1449 2572 «loeti
1489 2544 1545 2571 ne
1580 2530 1625 2571 in

74 2602 176 2645 aliis
199 2602 378 2659 quidem
402 2604 738 2661 quaestionibus
763 2605 952 2647 multum
972 2605 1119 2648 valere
1137 2605 1423 2656 arbitmntur.
1446 2620 1626 2663 prorsus

221 2745 256 2786 l)
283 2743 406 2781 rebor
430 2744 491 2781 ‹lie
517 2745 675 2789 Quellon
702 2745 737 2780 il.
766 2745 908 2780 Diodor
934 2745 955 2781 i.
983 2745 1052 2783 lx.
1081 2747 1123 2781 Β.
1152 2746 1369 2792 ἎἮηὺιιηζ
1399 2748 1498 2782 1868.

216 2814 255 2858 2)
280 2813 302 2850 l.
330 2813 352 2850 l.
379 2827 413 2862 p.
438 2816 472 2851 4.

216 2886 256 2927 23)
281 2884 438 2921 Diodori
473 2885 645 2923 biblioth.
681 2886 811 2923 histor.
846 2899 893 2923 ox
926 2899 1000 2927 rec.
1024 2894 1062 2924 et
1094 2901 1124 2924 c.
1159 2894 1290 2925 annot.
1317 2888 1411 2925 Lnd.
1440 2888 1626 2925 Dindorfii

77 2940 229 2992 Lipsiae
257 2943 359 2990 1887,
383 2943 422 2982 x
445 2946 479 2990 u,
504 2946 538 2982 4.

1351 3021 1368 3056 1
