1960 3293
1051 173 1106 217 18

299 324 442 362 erunt.
484 318 554 372 (cf.
588 318 760 361 Libror.
794 323 1057 374 argumenta
1095 317 1227 374 frgm.
1260 317 1547 361 XIII—XV
1577 319 1664 361 vol.
1696 317 1744 360 II
1779 317 1848 361 ed.

297 398 351 440 D.
374 413 416 452 p.
440 394 675 449 XLVIII.)
725 396 792 437 Ac
826 410 926 436 cuin
959 395 1012 436 de
1046 395 1240 450 corporis
1272 395 1445 437 viribus
1478 399 1523 437 et
1563 395 1711 451 specie
1741 395 1849 438 Dio-

299 473 432 515 dorus
478 473 561 515 hoc
609 473 703 514 1000
751 471 1015 513 disseruisse
1062 471 1288 526 videatur,
1337 472 1447 514 haec
1489 472 1546 514 ad
1585 471 1847 514 Cleobulum

298 555 498 606 spectare
531 549 700 605 opinor.
758 549 893 590 Hunc
932 548 1053 590 enim
1085 542 1207 604 ρώμῃ
1241 545 1313 587 καὶ
1351 543 1495 588 κάλλει
1536 549 1696 591 ceteris
1723 564 1850 605 prae-

300 627 471 668 stitisse
505 641 527 667 e
559 627 765 682 Diogene
799 630 994 681 apparet.
1031 626 1081 679 (Ι,
1114 624 1205 679 89.)
1245 626 1468 668 Diodorus
1500 626 1642 682 igitur
1670 625 1853 668 videtur

298 703 573 760 exposuisse,
624 702 887 744 Cleobulum
934 717 1024 744 non
1071 702 1220 744 minus
1269 704 1466 760 corporis
1507 718 1639 759 quam
1676 702 1853 759 ingenii

296 780 573 836 praestantia
608 780 824 821 floruisse.
888 779 1046 821 Altera
1085 779 1206 821 enim
1239 780 1413 822 sublata
1444 781 1630 822 alteram
1662 780 1704 822 ei
1735 780 1853 822 nihil

296 856 575 913 profuturam
608 856 760 898 fuisse.
824 857 923 898 Hoc
963 860 1112 898 autem
1146 872 1168 898 e
1200 856 1385 899 Milonis
1425 861 1470 899 et
1510 857 1852 913 Polydamantis

297 934 421 975 exitu
453 934 660 989 intellegi
692 949 834 990 posse.

437 1011 500 1052 At
532 1011 750 1053 Klueberi
782 1011 1003 1052 rationem
1035 1025 1126 1052 non
1158 1010 1408 1053 habuimus.
1453 1011 1607 1054 Certe!
1641 1011 1720 1053 sed
1747 1026 1850 1054 con-

297 1088 413 1129 sulto
445 1088 539 1129 eius
573 1094 838 1143 argumenta
870 1088 1152 1143 reliquimus,
1197 1087 1314 1143 quod
1347 1089 1442 1144 ipse
1473 1088 1591 1131 nihil
1623 1088 1744 1131 aliud
1776 1088 1851 1130 de-

295 1165 566 1206 monstravit
602 1180 746 1220 neque
783 1165 933 1221 potuit
973 1165 1278 1207 demonstrare
1317 1166 1408 1207 nisi
1451 1166 1561 1208 haec
1598 1166 1854 1222 fragmenta

297 1257 397 1283 cum
429 1241 610 1297 Ephoro
644 1257 735 1283 non
769 1242 1035 1299 discrepare.
1084 1243 1181 1284 Hoc
1211 1242 1426 1284 nimirum
1455 1242 1554 1285 fieri
1574 1259 1666 1286 non
1687 1243 1852 1300 potuit,

297 1318 658 1373 quandoquidem
699 1319 752 1360 de
791 1320 861 1361 his
899 1320 1030 1362 rebus
1063 1320 1179 1361 nihil
1213 1335 1265 1360 ex
1299 1320 1394 1361 eius
1427 1320 1628 1362 historiis
1661 1324 1853 1363 aetatem

295 1396 414 1437 tulit.
458 1396 521 1445 At
552 1397 667 1438 nihil
701 1398 991 1452 consequitur
1023 1412 1045 1438 e
1068 1397 1255 1438 Diodori
1289 1402 1332 1438 et
1365 1397 1586 1453 Diogenis
1619 1401 1851 1440 concentu.

292 1465 649 1527 ’Λπωφ5)·εἴῃιαῑα
683 1474 803 1515 enim
837 1474 992 1516 eadem
1015 1474 1107 1515 sint
1128 1488 1312 1515 necesse
1337 1479 1416 1516 est.
1456 1474 1679 1516 Diodorus
1702 1478 1852 1517 autem

294 1564 385 1591 non
419 1550 562 1605 magis
595 1550 642 1591 in
682 1551 746 1592 eis
792 1567 902 1606 quae
944 1551 1189 1606 enarravit7
1239 1566 1372 1606 quam
1420 1566 1533 1607 quae
1580 1552 1733 1594 omisit
1778 1552 1853 1594 vel

295 1627 380 1668 alio
412 1627 507 1669 loco
539 1628 733 1682 rettulit,
774 1629 942 1684 optime
983 1644 1083 1670 cum
1117 1628 1298 1670 Laertio
1338 1629 1559 1684 congruit.
1629 1629 1696 1671 Ac
1740 1633 1853 1671 tem-

294 1718 453 1759 porum
485 1710 723 1760 utrumque
756 1706 977 1747 rationem
1010 1721 1100 1747 non
1133 1706 1342 1748 habuisse
1363 1721 1495 1747 nemo
1517 1705 1717 1762 negabit.
1763 1706 1854 1748 Cur

295 1780 439 1836 igitur
469 1781 693 1823 Diodorus
727 1782 942 1837 fabulam,
978 1799 1065 1838 qua
1097 1783 1313 1825 Croesum
1344 1783 1548 1824 Pittacus
1581 1783 1636 1826 ab
1669 1783 1852 1840 expedi-

294 1858 418 1899 tione
452 1864 605 1901 contra
638 1860 868 1901 insulanos
900 1864 1055 1916 parata
1089 1859 1319 1915 deterruit,
1352 1860 1586 1916 praeteriit
1614 1860 1662 1902 in
1683 1860 1852 1902 Pittaci

294 1936 367 1976 vel
390 1936 567 1978 Biantis
590 1937 698 1978 vita.
742 1938 916 1993 Nempe
945 1937 1029 1979 hoc
1051 1938 1147 1979 loco
1170 1937 1223 1978 de
1249 1937 1405 1978 Croesi
1429 1936 1605 1979 divitiis
1628 1952 1653 1979 a
1673 1937 1852 1979 Pittaco

293 2013 509 2054 recusatis
535 2015 753 2069 exposuit.
797 2014 1027 2070 Diogenes
1059 2029 1189 2070 porro
1222 2014 1382 2069 quidni
1413 2006 1690 2068 ἀπόφθεγμα
1725 2009 1851 2068 περὶ-

295 2083 422 2136 §Mor
455 2086 662 2129 ποικίλον
706 2092 975 2147 interposuit
1014 2091 1198 2147 fabulis,
1247 2091 1412 2147 quippe
1461 2106 1570 2146 quas
1609 2090 1764 2133 eadem
1802 2090 1852 2132 in

295 2167 428 2221 serie,
476 2182 525 2208 ac
572 2168 793 2209 Diodorus
842 2169 1081 2210 rettulerit.
1145 2169 1269 2210 Haec
1307 2169 1458 2210 onmia
1493 2183 1602 2210 num
1641 2183 1746 2210 casu
1776 2168 1852 2210 vel

295 2250 524 2285 auctorum
556 2245 739 2286 licentia
773 2246 835 2287 310
867 2246 1113 2302 composita
1145 2260 1241 2287 esse
1272 2245 1521 2287 verisimile
1543 2245 1641 2287 est?
1684 2244 1774 2287 Sed
1795 2244 1852 2287 de

295 2319 378 2361 hoc
412 2327 631 2362 concentu
663 2322 785 2364 alias.

416 2418 423 2423 ··
435 2398 628 2439 Ineunte
675 2398 788 2440 libro
837 2415 948 2454 quae
986 2400 1217 2455 leguntur,
1265 2400 1313 2441 in
1350 2414 1441 2441 una
1478 2415 1526 2441 re
1558 2399 1636 2440 illa
1668 2398 1851 2454 quidem

233 2519 238 2523 ,
296 2488 396 2515 011111
427 2475 647 2530 Diogenis
687 2477 942 2518 narratione
983 2477 1254 2534 conspirant.
1328 2476 1514 2518 Etenim
1562 2475 1616 2518 ab
1662 2479 1850 2531 utroque

297 2549 433 2593 Solon
466 2551 736 2593 Salaminius
769 2554 1030 2608 appellatur,
1092 2554 1259 2595 Contra
1290 2553 1558 2595 Plutarchus
1590 2552 1640 2594 in
1672 2552 1849 2595 Solonis

295 2627 390 2669 vita
423 2628 731 2684 despingenda
761 2629 878 2671 nihil
911 2630 964 2671 de
996 2631 1078 2672 hoc
1112 2631 1207 2672 eius
1241 2636 1341 2672 ortu
1372 2630 1572 2672 tradidit.
1625 2629 1715 2671 Sed
1747 2643 1849 2671 con-

295 2704 489 2746 feramus
521 2705 739 2760 Diogenis
780 2705 835 2747 de
876 2707 953 2748 1110
994 2708 1299 2749 narrationem
1346 2722 1447 2749 cuin
1493 2706 1683 2748 Diodori
1729 2705 1849 2761 frag-

294 2782 472 2824 mentis.
535 2782 617 2823 Ille
649 2787 752 2838 post
782 2783 906 2838 leges
940 2784 1118 2825 exiliter
1151 2785 1394 2840 explicatas
1423 2788 1565 2826 totam
1588 2783 1683 2825 eius
1704 2783 1849 2825 Vitam

294 2872 433 2912 usque
471 2858 527 2900 ad
562 2859 791 2900 Pisistrati
822 2860 1114 2914 tyrannidem
1146 2866 1191 2902 et
1225 2861 1400 2903 Solonis
1433 2860 1589 2916 fugam
1619 2859 1846 2916 perduxit.

297 2934 418 2985 Quae
466 2940 732 2989 sequuntur,
782 2937 926 2991 inagis
976 2937 1051 2978 illa
1101 2937 1282 2992 quidem
1325 2937 1380 2979 ad
1419 2937 1666 2993 sapientem
1699 2936 1849 2993 ipsum
